,timestamp,bidprice,bidsize,askprice,asksize
0,2021-08-11T20:38:57.498784Z,46586.38,0.65265245,46586.39,0.40267107
1,2021-08-11T20:38:57.631548Z,46586.38,0.58626,46586.39,0.40267107
2,2021-08-11T20:38:57.692080Z,46586.38,0.58336193,46586.39,0.40267107
3,2021-08-11T20:38:57.718248Z,46586.38,0.58336193,46586.39,2.22267107
4,2021-08-11T20:38:57.729379Z,46586.38,0.58336193,46586.39,0.40267107
5,2021-08-11T20:38:57.780660Z,46586.38,0.58336193,46586.39,0.39445099
6,2021-08-11T20:38:57.962341Z,46586.38,0.58336193,46586.39,0.42556239
7,2021-08-11T20:38:57.968757Z,46586.38,0.58336193,46586.39,0.39445099
8,2021-08-11T20:38:57.978008Z,46586.38,0.58336193,46586.39,0.35907107
9,2021-08-11T20:38:58.001019Z,46586.38,1.58336193,46586.39,0.35907107
10,2021-08-11T20:38:58.005231Z,46586.38,0.58336193,46586.39,0.35907107
11,2021-08-11T20:38:58.013138Z,46586.38,0.61447333,46586.39,0.35907107
12,2021-08-11T20:38:58.020082Z,46586.38,0.58336193,46586.39,0.35907107
13,2021-08-11T20:38:58.088307Z,46586.38,1.58336193,46586.39,0.35907107
14,2021-08-11T20:38:58.100265Z,46586.38,1.61447333,46586.39,0.35907107
15,2021-08-11T20:38:58.134473Z,46586.38,0.61447333,46586.39,0.35907107
16,2021-08-11T20:38:58.314619Z,46586.38,0.58336193,46586.39,0.35907107
17,2021-08-11T20:38:58.437275Z,46586.38,0.58336193,46586.39,0.3569352
18,2021-08-11T20:38:58.449301Z,46586.38,0.61447333,46586.39,0.3569352
19,2021-08-11T20:38:58.706894Z,46586.38,0.61447333,46586.39,0.35717925
20,2021-08-11T20:38:58.717313Z,46586.38,0.58336193,46586.39,0.35717925
21,2021-08-11T20:38:59.111505Z,46586.38,0.81755193,46586.39,0.35717925
22,2021-08-11T20:38:59.169790Z,46586.38,0.81755193,46586.39,0.30454637
23,2021-08-11T20:38:59.921114Z,46586.38,0.81755193,46586.39,0.30685213
24,2021-08-11T20:38:59.971555Z,46586.38,0.81755193,46586.39,0.30153318
25,2021-08-11T20:38:59.979095Z,46586.38,1.81755193,46586.39,0.30153318
26,2021-08-11T20:39:00.143966Z,46586.38,1.81755193,46586.39,0.30367528
27,2021-08-11T20:39:00.194451Z,46586.38,0.81755193,46586.39,0.30367528
28,2021-08-11T20:39:00.259355Z,46586.38,0.81755193,46586.39,0.30964528
29,2021-08-11T20:39:00.603679Z,46586.38,0.81755193,46586.39,0.32064528
30,2021-08-11T20:39:00.792291Z,46586.38,0.81755193,46586.39,0.32884528
31,2021-08-11T20:39:00.869845Z,46586.38,0.81755193,46586.39,0.35983748
32,2021-08-11T20:39:00.930660Z,46586.38,0.81755193,46586.39,0.32884528
33,2021-08-11T20:39:00.942990Z,46586.38,1.81755193,46586.39,0.32884528
34,2021-08-11T20:39:00.965557Z,46586.38,1.84854413,46586.39,0.32884528
35,2021-08-11T20:39:00.969646Z,46586.38,1.84854413,46586.39,0.33212717
36,2021-08-11T20:39:00.982405Z,46586.38,2.07154413,46586.39,0.33212717
37,2021-08-11T20:39:01.054075Z,46586.38,2.07154413,46586.39,0.0331438
38,2021-08-11T20:39:01.054075Z,46586.38,2.07154413,46586.39,0.03289975
39,2021-08-11T20:39:01.054075Z,46586.38,2.07154413,46586.39,0.03059399
40,2021-08-11T20:39:01.054075Z,46586.38,2.07154413,46586.39,0.02845189
41,2021-08-11T20:39:01.054075Z,46586.38,2.07154413,46586.39,0.02702037
42,2021-08-11T20:39:01.067124Z,46586.38,3.26154413,46586.39,0.02702037
43,2021-08-11T20:39:01.083382Z,46586.38,3.26154413,46586.39,0.32600374
44,2021-08-11T20:39:01.174804Z,46586.38,2.26154413,46586.39,0.32600374
45,2021-08-11T20:39:01.184300Z,46586.38,1.07154413,46586.39,0.32600374
46,2021-08-11T20:39:01.208972Z,46586.38,2.07154413,46586.39,0.32600374
47,2021-08-11T20:39:01.211789Z,46586.38,2.04055193,46586.39,0.32600374
48,2021-08-11T20:39:01.224860Z,46586.38,2.07154413,46586.39,0.32600374
49,2021-08-11T20:39:01.328486Z,46586.38,1.07154413,46586.39,0.32600374
50,2021-08-11T20:39:01.334717Z,46586.38,1.04055193,46586.39,0.32600374
51,2021-08-11T20:39:01.483876Z,46586.38,0.81755193,46586.39,0.32600374
52,2021-08-11T20:39:01.512881Z,46586.38,1.04055193,46586.39,0.32600374
53,2021-08-11T20:39:01.520496Z,46586.38,1.05624722,46586.39,0.32600374
54,2021-08-11T20:39:01.604791Z,46586.38,0.83324722,46586.39,0.32600374
55,2021-08-11T20:39:01.643055Z,46586.38,1.05624722,46586.39,0.32600374
56,2021-08-11T20:39:01.651472Z,46586.38,2.05624722,46586.39,0.32600374
57,2021-08-11T20:39:01.651497Z,46586.38,2.09984722,46586.39,0.32600374
58,2021-08-11T20:39:01.661908Z,46586.38,2.12973919,46586.39,0.32600374
59,2021-08-11T20:39:01.734366Z,46586.38,1.90673919,46586.39,0.32600374
60,2021-08-11T20:39:01.737830Z,46586.38,3.72673919,46586.39,0.32600374
61,2021-08-11T20:39:01.827055Z,46586.38,2.72673919,46586.39,0.32600374
62,2021-08-11T20:39:01.874991Z,46586.38,0.90673919,46586.39,0.32600374
63,2021-08-11T20:39:01.875786Z,46586.38,0.90673919,46586.39,0.3239312
64,2021-08-11T20:39:01.882973Z,46586.38,0.87684722,46586.39,0.3239312
65,2021-08-11T20:39:01.887479Z,46586.38,2.69684722,46586.39,0.3239312
66,2021-08-11T20:39:01.894555Z,46586.38,2.72673919,46586.39,0.3239312
67,2021-08-11T20:39:02.129177Z,46586.38,0.90673919,46586.39,0.3239312
68,2021-08-11T20:39:02.136460Z,46586.38,0.87684722,46586.39,0.3239312
69,2021-08-11T20:39:02.139361Z,46586.38,1.16684722,46586.39,0.3239312
70,2021-08-11T20:39:02.154971Z,46586.38,1.19673919,46586.39,0.3239312
71,2021-08-11T20:39:02.234694Z,46586.38,2.19673919,46586.39,0.3239312
72,2021-08-11T20:39:02.263909Z,46586.38,2.19673919,46586.39,0.02494783
73,2021-08-11T20:39:02.273661Z,46586.38,2.19673919,46586.39,0.02248189
74,2021-08-11T20:39:02.273661Z,46586.38,2.19673919,46586.39,0.01148189
75,2021-08-11T20:39:02.273661Z,46586.38,2.19673919,46586.39,0.00328189
76,2021-08-11T20:39:02.273661Z,46586.38,2.19673919,46588.0,5.7
77,2021-08-11T20:39:02.280153Z,46586.38,2.18207919,46588.0,5.7
78,2021-08-11T20:39:02.280574Z,46586.38,2.40507919,46588.0,5.7
79,2021-08-11T20:39:02.282183Z,46586.38,2.11507919,46588.0,5.7
80,2021-08-11T20:39:02.283097Z,46586.38,2.08518722,46588.0,5.7
81,2021-08-11T20:39:02.284582Z,46587.99,0.35178768,46588.0,5.7
82,2021-08-11T20:39:02.284633Z,46587.99,0.67518768,46588.0,5.7
83,2021-08-11T20:39:02.290810Z,46587.99,1.04678768,46588.0,5.7
84,2021-08-11T20:39:02.291423Z,46587.99,1.14678768,46588.0,5.7
85,2021-08-11T20:39:02.295773Z,46587.99,1.40978768,46588.0,5.7
86,2021-08-11T20:39:02.300020Z,46587.99,1.43967965,46588.0,5.7
87,2021-08-11T20:39:02.300104Z,46587.99,1.53012731,46588.0,5.7
88,2021-08-11T20:39:02.300121Z,46587.99,2.44012731,46588.0,5.7
89,2021-08-11T20:39:02.303797Z,46587.99,2.54012731,46588.0,5.7
90,2021-08-11T20:39:02.308361Z,46587.99,3.54012731,46588.0,5.7
91,2021-08-11T20:39:02.314506Z,46587.99,3.54012731,46588.0,5.5148489
92,2021-08-11T20:39:02.314820Z,46587.99,3.54012731,46588.0,2.0729489
93,2021-08-11T20:39:02.320736Z,46587.99,3.34012731,46588.0,2.0729489
94,2021-08-11T20:39:02.336414Z,46587.99,4.25012731,46588.0,2.0729489
95,2021-08-11T20:39:02.344996Z,46587.99,4.45012731,46588.0,2.0729489
96,2021-08-11T20:39:02.345159Z,46587.99,4.45012731,46588.0,1.90122006
97,2021-08-11T20:39:02.345328Z,46587.99,4.74012731,46588.0,1.90122006
98,2021-08-11T20:39:02.356735Z,46587.99,4.74012731,46588.0,1.60965333
99,2021-08-11T20:39:02.357108Z,46587.99,4.84012731,46588.0,1.60965333
100,2021-08-11T20:39:02.361560Z,46587.99,5.94012731,46588.0,1.60965333
101,2021-08-11T20:39:02.365657Z,46587.99,5.94012731,46588.0,1.3430482
102,2021-08-11T20:39:02.365806Z,46587.99,6.16312731,46588.0,1.3430482
103,2021-08-11T20:39:02.394879Z,46587.99,6.21312731,46588.0,1.3430482
104,2021-08-11T20:39:02.402456Z,46587.99,6.21312731,46588.0,1.09443482
105,2021-08-11T20:39:02.411791Z,46587.99,6.21312731,46588.0,0.990879
106,2021-08-11T20:39:02.431765Z,46587.99,6.21312731,46588.0,0.930879
107,2021-08-11T20:39:02.431846Z,46587.99,6.21947389,46588.0,0.930879
108,2021-08-11T20:39:02.531741Z,46587.99,6.21947389,46588.0,7.9e-05
109,2021-08-11T20:39:02.531800Z,46587.99,6.21947389,46598.37,0.032
110,2021-08-11T20:39:02.544592Z,46587.99,5.92947389,46598.37,0.032
111,2021-08-11T20:39:02.546578Z,46587.99,5.89958192,46598.37,0.032
112,2021-08-11T20:39:02.554581Z,46587.99,5.67658192,46598.37,0.032
113,2021-08-11T20:39:02.579200Z,46598.36,0.33020839,46598.37,0.032
114,2021-08-11T20:39:02.593930Z,46598.36,0.53020839,46598.37,0.032
115,2021-08-11T20:39:02.598318Z,46598.36,0.56010036,46598.37,0.032
116,2021-08-11T20:39:02.622691Z,46598.36,0.82310036,46598.37,0.032
117,2021-08-11T20:39:02.630103Z,46598.36,0.56010036,46598.37,0.032
118,2021-08-11T20:39:02.715328Z,46598.36,0.56010036,46598.37,0.33098337
119,2021-08-11T20:39:02.718523Z,46598.36,0.56010036,46598.37,0.29898337
120,2021-08-11T20:39:02.762690Z,46598.36,0.60773587,46598.37,0.29898337
121,2021-08-11T20:39:02.926427Z,46598.36,0.5778439,46598.37,0.29898337
122,2021-08-11T20:39:03.257642Z,46598.36,0.71109149,46598.37,0.29898337
123,2021-08-11T20:39:03.293686Z,46598.36,0.71109149,46598.37,1.29898337
124,2021-08-11T20:39:03.310181Z,46598.36,0.71109149,46598.37,1.29791495
125,2021-08-11T20:39:03.327204Z,46598.36,0.51109149,46598.37,1.29791495
126,2021-08-11T20:39:03.332827Z,46598.36,0.18769149,46598.37,1.29791495
127,2021-08-11T20:39:03.333251Z,46598.36,0.0544439,46598.37,1.29791495
128,2021-08-11T20:39:03.336743Z,46598.36,0.0544439,46598.37,0.29791495
129,2021-08-11T20:39:03.342795Z,46598.36,0.00680839,46598.37,0.29791495
130,2021-08-11T20:39:03.346507Z,46598.36,0.00680839,46598.37,0.43116254
131,2021-08-11T20:39:03.413013Z,46598.36,0.00680839,46598.37,1.43116254
132,2021-08-11T20:39:03.566397Z,46595.97,0.05,46598.37,1.43116254
133,2021-08-11T20:39:03.572656Z,46595.97,0.05,46598.37,1.29791495
134,2021-08-11T20:39:03.727530Z,46596.01,0.04576512,46598.36,0.13324759
135,2021-08-11T20:39:03.734535Z,46595.99,0.04524273,46598.36,0.13324759
136,2021-08-11T20:39:03.742119Z,46595.98,0.0001,46598.36,0.13324759
137,2021-08-11T20:39:03.802780Z,46595.98,0.0001,46598.15,0.13193649
138,2021-08-11T20:39:03.811612Z,46595.98,0.0001,46595.99,1.83395222
139,2021-08-11T20:39:03.815071Z,46595.98,0.0001,46595.99,1.82
140,2021-08-11T20:39:03.815933Z,46595.98,0.0001,46595.99,1.95193649
141,2021-08-11T20:39:03.816157Z,46595.98,0.0002,46595.99,1.95193649
142,2021-08-11T20:39:03.820241Z,46595.98,0.0002,46595.99,2.95193649
143,2021-08-11T20:39:03.832301Z,46595.98,0.0002,46595.99,2.95091053
144,2021-08-11T20:39:03.845580Z,46595.98,0.0003,46595.99,2.95091053
145,2021-08-11T20:39:03.877788Z,46595.98,0.0002,46595.99,2.95091053
146,2021-08-11T20:39:03.877788Z,46595.98,0.0001,46595.99,2.95091053
147,2021-08-11T20:39:03.877788Z,46595.97,0.05,46595.99,2.95091053
148,2021-08-11T20:39:03.877788Z,46595.97,0.047118,46595.99,2.95091053
149,2021-08-11T20:39:03.885145Z,46595.97,0.047118,46595.99,1.13193649
150,2021-08-11T20:39:03.889985Z,46595.97,0.047118,46595.98,2.346
151,2021-08-11T20:39:03.890134Z,46595.97,0.047118,46595.98,2.35995222
152,2021-08-11T20:39:03.895847Z,46595.97,0.047118,46595.98,1.83395222
153,2021-08-11T20:39:03.896514Z,46595.97,0.047118,46595.98,1.96588871
154,2021-08-11T20:39:03.904181Z,46595.97,0.047118,46595.98,2.00856591
155,2021-08-11T20:39:03.912906Z,46595.97,0.047118,46595.98,3.00856591
156,2021-08-11T20:39:03.930582Z,46595.97,0.047118,46595.98,1.18856591
157,2021-08-11T20:39:04.084450Z,46593.33,0.1,46595.98,1.18856591
158,2021-08-11T20:39:04.091195Z,46593.33,0.1,46595.98,1.17461369
159,2021-08-11T20:39:04.096004Z,46591.32,0.13193649,46595.98,1.17461369
160,2021-08-11T20:39:04.101261Z,46590.6,0.29,46593.34,0.3925
161,2021-08-11T20:39:04.101346Z,46590.6,0.29,46593.34,0.6555
162,2021-08-11T20:39:04.104698Z,46590.21,0.03,46593.34,0.6555
163,2021-08-11T20:39:04.107055Z,46590.21,0.03,46593.34,0.3925
164,2021-08-11T20:39:04.113929Z,46590.61,0.13193649,46593.33,0.13193649
165,2021-08-11T20:39:04.116531Z,46590.21,0.03,46591.49,1.0
166,2021-08-11T20:39:04.124998Z,46587.99,0.37213426,46591.49,1.0
167,2021-08-11T20:39:04.132191Z,46588.0,0.13193649,46591.49,1.0
168,2021-08-11T20:39:04.132834Z,46588.0,0.13193649,46595.97,0.13203649
169,2021-08-11T20:39:04.133134Z,46588.0,0.13193649,46595.97,0.0001
170,2021-08-11T20:39:04.138808Z,46587.99,0.37213426,46591.48,0.13193649
171,2021-08-11T20:39:04.140821Z,46587.99,0.37213426,46595.98,1.0426772
172,2021-08-11T20:39:04.144487Z,46587.99,0.22034658,46595.98,1.0426772
173,2021-08-11T20:39:04.151251Z,46588.32,0.29,46595.56,0.01395222
174,2021-08-11T20:39:04.151457Z,46588.11,0.04649506,46595.56,0.01395222
175,2021-08-11T20:39:04.162837Z,46588.1,0.04637979,46593.52,1.0
176,2021-08-11T20:39:04.174602Z,46588.0,0.0436,46593.52,1.0
177,2021-08-11T20:39:04.177405Z,46587.37,0.29,46588.34,0.3925
178,2021-08-11T20:39:04.187827Z,46587.37,0.29,46588.34,0.3925
179,2021-08-11T20:39:04.188457Z,46587.37,0.29,46588.34,0.40645222
180,2021-08-11T20:39:04.188612Z,46587.37,0.29,46588.34,0.66945222
181,2021-08-11T20:39:04.193846Z,46587.37,0.29,46588.34,0.6555
182,2021-08-11T20:39:04.194207Z,46587.37,0.29,46588.34,0.3925
183,2021-08-11T20:39:04.196964Z,46586.4,0.1,46588.34,0.3925
184,2021-08-11T20:39:04.221548Z,46586.59,0.29,46588.34,0.29791495
185,2021-08-11T20:39:04.222249Z,46586.4,0.1,46588.34,0.29791495
186,2021-08-11T20:39:04.284718Z,46586.4,0.14632931,46586.41,0.263
187,2021-08-11T20:39:04.386132Z,46586.4,0.16281651,46586.41,0.263
188,2021-08-11T20:39:04.405373Z,46586.4,0.1164872,46586.41,0.263
189,2021-08-11T20:39:04.605769Z,46586.4,0.1164872,46586.41,0.39493649
190,2021-08-11T20:39:04.706283Z,46586.4,0.1164872,46586.41,0.263
191,2021-08-11T20:39:04.718906Z,46586.4,0.0164872,46586.41,0.263
192,2021-08-11T20:39:04.735142Z,46586.4,0.0164872,46586.41,0.38855352
193,2021-08-11T20:39:04.887294Z,46586.4,1.0164872,46586.41,0.38855352
194,2021-08-11T20:39:04.898107Z,46586.4,1.0164872,46586.41,0.263
195,2021-08-11T20:39:04.910061Z,46586.4,1.14204072,46586.41,0.263
196,2021-08-11T20:39:04.952969Z,46586.4,1.34204072,46586.41,0.263
197,2021-08-11T20:39:05.022220Z,46586.4,1.56504072,46586.41,0.263
198,2021-08-11T20:39:05.027031Z,46586.4,1.56504072,46588.29,0.214
199,2021-08-11T20:39:05.032180Z,46586.4,1.56504072,46588.34,0.29791495
200,2021-08-11T20:39:05.035246Z,46586.4,1.4394872,46588.34,0.29791495
201,2021-08-11T20:39:05.041591Z,46588.28,0.4234,46588.34,0.29791495
202,2021-08-11T20:39:05.042992Z,46588.28,0.6234,46588.34,0.29791495
203,2021-08-11T20:39:05.047402Z,46588.28,0.8864,46588.34,0.29791495
204,2021-08-11T20:39:05.047530Z,46588.28,0.6864,46588.34,0.29791495
205,2021-08-11T20:39:05.053165Z,46588.28,0.4234,46588.34,0.29791495
206,2021-08-11T20:39:05.057465Z,46588.33,0.3,46588.34,0.29791495
207,2021-08-11T20:39:05.061510Z,46588.33,0.44725085,46588.34,0.29791495
208,2021-08-11T20:39:05.066544Z,46588.33,2.26725085,46588.34,0.29791495
209,2021-08-11T20:39:05.069387Z,46588.33,2.39280437,46588.34,0.29791495
210,2021-08-11T20:39:05.077593Z,46588.33,0.57280437,46588.34,0.29791495
211,2021-08-11T20:39:05.081754Z,46588.33,1.57280437,46588.34,0.29791495
212,2021-08-11T20:39:05.099363Z,46588.33,0.57280437,46588.34,0.29791495
213,2021-08-11T20:39:05.125312Z,46588.33,1.57280437,46588.34,0.29791495
214,2021-08-11T20:39:05.170204Z,46588.33,1.79580437,46588.34,0.29791495
215,2021-08-11T20:39:05.262608Z,46588.33,1.8547145,46588.34,0.29791495
216,2021-08-11T20:39:05.359342Z,46588.33,1.8983145,46588.34,0.29791495
217,2021-08-11T20:39:05.361783Z,46588.33,1.75106365,46588.34,0.29791495
218,2021-08-11T20:39:05.364031Z,46588.33,1.52806365,46588.34,0.29791495
219,2021-08-11T20:39:05.364569Z,46588.33,0.52806365,46588.34,0.29791495
220,2021-08-11T20:39:05.381634Z,46588.33,0.40251013,46588.34,0.29791495
221,2021-08-11T20:39:05.382227Z,46588.33,0.3436,46588.34,0.29791495
222,2021-08-11T20:39:05.387867Z,46588.33,0.1436,46588.34,0.29791495
223,2021-08-11T20:39:05.404923Z,46588.33,0.1,46588.34,0.29791495
224,2021-08-11T20:39:05.409194Z,46588.33,0.1,46588.34,0.42346847
225,2021-08-11T20:39:05.414557Z,46588.33,0.1,46588.34,0.29791495
226,2021-08-11T20:39:05.429863Z,46588.33,0.1,46588.34,0.42346847
227,2021-08-11T20:39:05.436924Z,46588.33,0.1,46588.34,0.29791495
228,2021-08-11T20:39:05.469114Z,46588.33,0.1,46588.34,1.29791495
229,2021-08-11T20:39:05.473938Z,46588.33,0.1,46588.34,0.29791495
230,2021-08-11T20:39:05.481437Z,46588.33,0.1,46588.34,0.42346847
231,2021-08-11T20:39:05.488324Z,46588.33,0.1,46588.34,0.29791495
232,2021-08-11T20:39:05.500882Z,46588.33,0.1,46588.34,0.42346847
233,2021-08-11T20:39:05.511031Z,46588.33,0.1,46588.34,0.29791495
234,2021-08-11T20:39:05.521188Z,46588.33,0.1,46588.34,0.29586057
235,2021-08-11T20:39:05.547768Z,46588.33,0.11648569,46588.34,0.29586057
236,2021-08-11T20:39:05.559136Z,46588.33,0.24203921,46588.34,0.29586057
237,2021-08-11T20:39:05.567295Z,46588.33,0.11648569,46588.34,0.29586057
238,2021-08-11T20:39:05.578210Z,46588.33,0.24203921,46588.34,0.29586057
239,2021-08-11T20:39:05.586342Z,46588.33,0.11648569,46588.34,0.29586057
240,2021-08-11T20:39:05.827784Z,46588.33,0.11648569,46588.34,0.30936057
241,2021-08-11T20:39:05.878776Z,46588.33,0.22330495,46588.34,0.30936057
242,2021-08-11T20:39:05.887149Z,46588.33,0.11648569,46588.34,0.30936057
243,2021-08-11T20:39:05.898164Z,46588.33,0.22330495,46588.34,0.30936057
244,2021-08-11T20:39:05.972698Z,46588.33,0.11648569,46588.34,0.30936057
245,2021-08-11T20:39:05.995157Z,46588.33,0.22330495,46588.34,0.30936057
246,2021-08-11T20:39:05.998585Z,46588.33,0.22330495,46588.34,0.41617983
247,2021-08-11T20:39:06.003700Z,46588.33,0.11648569,46588.34,0.41617983
248,2021-08-11T20:39:06.013490Z,46588.33,0.1,46588.34,0.41617983
249,2021-08-11T20:39:06.014307Z,46588.33,0.1,46588.34,0.30936057
250,2021-08-11T20:39:06.251151Z,46588.33,0.20681926,46588.34,0.30936057
251,2021-08-11T20:39:06.326514Z,46588.33,0.20681926,46588.34,0.29883232
252,2021-08-11T20:39:06.329942Z,46588.33,0.20681926,46588.34,0.30726232
253,2021-08-11T20:39:06.345568Z,46588.33,0.20681926,46588.34,0.30666406
254,2021-08-11T20:39:06.389832Z,46588.33,0.20681926,46588.34,0.31064406
255,2021-08-11T20:39:06.393484Z,46588.33,0.1,46588.34,0.31064406
256,2021-08-11T20:39:06.492423Z,46588.33,0.1,46588.34,0.31714406
257,2021-08-11T20:39:06.503239Z,46588.33,0.1,46588.34,0.42396332
258,2021-08-11T20:39:06.558409Z,46588.33,0.3,46588.34,0.42396332
259,2021-08-11T20:39:06.558449Z,46588.33,0.45142891,46588.34,0.42396332
260,2021-08-11T20:39:06.565160Z,46588.33,0.45142891,46588.34,0.31714406
261,2021-08-11T20:39:06.569702Z,46588.33,0.55824817,46588.34,0.31714406
262,2021-08-11T20:39:06.571997Z,46588.33,0.40681926,46588.34,0.31714406
263,2021-08-11T20:39:06.580557Z,46588.33,0.40681926,46588.34,0.32694406
264,2021-08-11T20:39:06.591677Z,46588.33,1.40681926,46588.34,0.32694406
265,2021-08-11T20:39:06.603478Z,46588.33,1.62981926,46588.34,0.32694406
266,2021-08-11T20:39:06.661907Z,46588.33,1.62981926,46588.34,0.32856906
267,2021-08-11T20:39:06.698248Z,46588.33,1.40681926,46588.34,0.32856906
268,2021-08-11T20:39:06.704848Z,46588.33,1.40681926,46588.34,0.32806698
269,2021-08-11T20:39:06.705303Z,46588.33,0.40681926,46588.34,0.32806698
270,2021-08-11T20:39:06.736887Z,46588.33,0.62981926,46588.34,0.32806698
271,2021-08-11T20:39:06.758037Z,46588.33,0.62981926,46588.34,0.34094698
272,2021-08-11T20:39:06.761737Z,46588.33,0.40681926,46588.34,0.34094698
273,2021-08-11T20:39:06.767680Z,46588.33,0.3,46588.34,0.34094698
274,2021-08-11T20:39:06.782171Z,46588.33,0.38777247,46588.34,0.34094698
275,2021-08-11T20:39:06.803026Z,46588.33,0.61077247,46588.34,0.34094698
276,2021-08-11T20:39:06.806071Z,46588.33,0.41077247,46588.34,0.34094698
277,2021-08-11T20:39:06.818225Z,46588.33,0.41077247,46588.34,0.35278022
278,2021-08-11T20:39:06.848028Z,46588.33,0.323,46588.34,0.35278022
279,2021-08-11T20:39:06.862254Z,46588.33,0.41077247,46588.34,0.35278022
280,2021-08-11T20:39:06.900335Z,46588.33,0.41077247,46588.34,0.35638722
281,2021-08-11T20:39:06.906698Z,46588.33,0.323,46588.34,0.35638722
282,2021-08-11T20:39:06.949129Z,46588.33,0.31978,46588.34,0.35638722
283,2021-08-11T20:39:06.952169Z,46588.33,0.09678,46588.34,0.35638722
284,2021-08-11T20:39:06.993469Z,46588.33,0.09678,46588.34,0.36738722
285,2021-08-11T20:39:06.995668Z,46588.33,0.31978,46588.34,0.36738722
286,2021-08-11T20:39:07.007266Z,46588.33,0.31978,46588.34,0.45515969
287,2021-08-11T20:39:07.016666Z,46588.33,0.31978,46588.34,0.36738722
288,2021-08-11T20:39:07.021495Z,46588.33,0.09678,46588.34,0.36738722
289,2021-08-11T20:39:07.031119Z,46588.33,0.18455247,46588.34,0.36738722
290,2021-08-11T20:39:07.038389Z,46588.33,0.40755247,46588.34,0.36738722
291,2021-08-11T20:39:07.038908Z,46588.33,0.31978,46588.34,0.36738722
292,2021-08-11T20:39:07.050842Z,46588.33,0.40755247,46588.34,0.36738722
293,2021-08-11T20:39:07.054194Z,46588.33,0.18455247,46588.34,0.36738722
294,2021-08-11T20:39:07.058591Z,46588.33,1.18455247,46588.34,0.36738722
295,2021-08-11T20:39:07.078355Z,46588.33,1.22815247,46588.34,0.36738722
296,2021-08-11T20:39:07.090705Z,46588.33,1.45115247,46588.34,0.36738722
297,2021-08-11T20:39:07.147967Z,46588.33,1.50115247,46588.34,0.36738722
298,2021-08-11T20:39:07.149520Z,46588.33,1.60115247,46588.34,0.36738722
299,2021-08-11T20:39:07.186532Z,46588.33,1.60115247,46588.34,0.08315524
300,2021-08-11T20:39:07.193911Z,46588.33,1.60115247,46588.34,0.08110086
301,2021-08-11T20:39:07.194210Z,46588.33,1.60115247,46588.34,0.06965524
302,2021-08-11T20:39:07.194210Z,46588.33,1.60115247,46588.34,0.06122524
303,2021-08-11T20:39:07.194210Z,46588.33,1.60115247,46588.34,0.05724524
304,2021-08-11T20:39:07.194210Z,46588.33,1.60115247,46588.34,0.0539543
305,2021-08-11T20:39:07.201772Z,46588.33,1.89115247,46588.34,0.0539543
306,2021-08-11T20:39:07.210481Z,46588.33,3.71115247,46588.34,0.0539543
307,2021-08-11T20:39:07.210782Z,46588.33,3.71115247,46588.34,0.33818628
308,2021-08-11T20:39:07.227033Z,46588.33,4.81115247,46588.34,0.33818628
309,2021-08-11T20:39:07.230572Z,46588.33,5.01115247,46588.34,0.33818628
310,2021-08-11T20:39:07.296977Z,46588.33,5.01115247,46588.34,0.34635598
311,2021-08-11T20:39:07.313098Z,46588.33,5.01713897,46588.34,0.34635598
312,2021-08-11T20:39:07.332789Z,46588.33,5.0627686,46588.34,0.34635598
313,2021-08-11T20:39:07.344424Z,46588.33,5.06255754,46588.34,0.34635598
314,2021-08-11T20:39:07.410844Z,46588.33,4.83955754,46588.34,0.34635598
315,2021-08-11T20:39:07.415887Z,46588.33,4.79392791,46588.34,0.34635598
316,2021-08-11T20:39:07.459825Z,46588.33,3.79392791,46588.34,0.34635598
317,2021-08-11T20:39:07.540683Z,46588.33,2.69392791,46588.34,0.34635598
318,2021-08-11T20:39:07.607149Z,46588.33,2.69392791,46588.34,0.40714127
319,2021-08-11T20:39:07.633326Z,46588.33,3.69392791,46588.34,0.40714127
320,2021-08-11T20:39:07.674673Z,46588.33,1.87392791,46588.34,0.40714127
321,2021-08-11T20:39:07.972884Z,46588.33,0.87392791,46588.34,0.40714127
322,2021-08-11T20:39:08.075701Z,46588.33,0.87392791,46588.34,0.40611586
323,2021-08-11T20:39:08.103653Z,46588.33,0.83032791,46588.34,0.40611586
324,2021-08-11T20:39:08.246572Z,46588.33,0.82434141,46588.34,0.40611586
325,2021-08-11T20:39:08.278431Z,46588.33,0.84062183,46588.34,0.40611586
326,2021-08-11T20:39:08.320176Z,46588.33,0.84062183,46588.34,0.40561378
327,2021-08-11T20:39:08.463305Z,46588.33,1.84062183,46588.34,0.40561378
328,2021-08-11T20:39:08.621920Z,46588.33,0.84062183,46588.34,0.40561378
329,2021-08-11T20:39:09.238988Z,46588.33,1.84062183,46588.34,0.40561378
330,2021-08-11T20:39:09.244009Z,46588.33,1.8391621,46588.34,0.40561378
331,2021-08-11T20:39:09.354875Z,46588.33,2.0621621,46588.34,0.40561378
332,2021-08-11T20:39:09.358898Z,46588.33,2.04461479,46588.34,0.40561378
333,2021-08-11T20:39:09.360072Z,46588.33,1.82161479,46588.34,0.40561378
334,2021-08-11T20:39:09.370337Z,46588.33,2.04461479,46588.34,0.40561378
335,2021-08-11T20:39:09.406139Z,46588.33,2.04461479,46588.34,0.40458835
336,2021-08-11T20:39:09.421421Z,46588.33,3.86461479,46588.34,0.40458835
337,2021-08-11T20:39:09.547743Z,46588.33,2.04461479,46588.34,0.40458835
338,2021-08-11T20:39:09.615617Z,46588.33,2.08821479,46588.34,0.40458835
339,2021-08-11T20:39:09.646164Z,46588.33,3.90821479,46588.34,0.40458835
340,2021-08-11T20:39:09.721874Z,46588.33,3.90821479,46588.34,0.40395835
341,2021-08-11T20:39:09.874998Z,46588.33,3.68521479,46588.34,0.40395835
342,2021-08-11T20:39:09.881457Z,46588.33,1.86521479,46588.34,0.40395835
343,2021-08-11T20:39:09.886882Z,46588.33,2.08821479,46588.34,0.40395835
344,2021-08-11T20:39:09.892638Z,46588.33,1.86521479,46588.34,0.40395835
345,2021-08-11T20:39:09.917231Z,46588.33,0.86521479,46588.34,0.40395835
346,2021-08-11T20:39:10.093766Z,46588.33,1.86521479,46588.34,0.40395835
347,2021-08-11T20:39:10.158327Z,46588.33,2.08821479,46588.34,0.40395835
348,2021-08-11T20:39:10.188265Z,46588.33,1.86521479,46588.34,0.40395835
349,2021-08-11T20:39:10.264205Z,46588.33,1.86521479,46588.34,0.40393221
350,2021-08-11T20:39:10.264205Z,46588.33,1.86521479,46588.34,0.40231606
351,2021-08-11T20:39:10.279231Z,46588.33,3.68521479,46588.34,0.40231606
352,2021-08-11T20:39:10.298378Z,46588.33,3.68521479,46588.34,0.39985126
353,2021-08-11T20:39:10.696008Z,46588.33,3.68521479,46588.34,0.33906597
354,2021-08-11T20:39:10.730659Z,46588.33,3.90821479,46588.34,0.33906597
355,2021-08-11T20:39:10.778028Z,46588.33,3.90821479,46588.34,0.39965237
356,2021-08-11T20:39:11.050698Z,46588.33,3.90821479,46588.34,0.11542039
357,2021-08-11T20:39:11.061678Z,46588.33,3.90821479,46588.34,0.10989398
358,2021-08-11T20:39:11.066613Z,46588.33,3.90821479,46588.34,0.10970144
359,2021-08-11T20:39:11.071539Z,46588.33,3.90821479,46588.34,0.39393342
360,2021-08-11T20:39:11.162229Z,46588.33,3.90821479,46588.34,0.39393332
361,2021-08-11T20:39:11.162229Z,46588.33,3.90821479,46588.34,0.39368758
362,2021-08-11T20:39:11.198963Z,46588.33,3.68521479,46588.34,0.39368758
363,2021-08-11T20:39:11.215219Z,46588.33,4.78521479,46588.34,0.39368758
364,2021-08-11T20:39:11.220787Z,46588.33,2.96521479,46588.34,0.39368758
365,2021-08-11T20:39:11.250915Z,46588.33,1.96521479,46588.34,0.39368758
366,2021-08-11T20:39:11.456366Z,46588.33,0.86521479,46588.34,0.39368758
367,2021-08-11T20:39:11.480773Z,46588.33,0.86521479,46588.34,0.1094556
368,2021-08-11T20:39:11.487378Z,46588.33,0.86521479,46588.34,0.10807634
369,2021-08-11T20:39:11.487378Z,46588.33,0.86521479,46588.34,0.10420551
370,2021-08-11T20:39:11.502577Z,46588.33,0.86521479,46588.34,0.38843749
371,2021-08-11T20:39:11.777403Z,46588.33,1.86521479,46588.34,0.38843749
372,2021-08-11T20:39:11.845877Z,46588.33,1.86521479,46588.34,0.10420551
373,2021-08-11T20:39:11.852461Z,46588.33,1.86521479,46588.34,0.09921793
374,2021-08-11T20:39:11.865959Z,46588.33,3.68521479,46588.34,0.09921793
375,2021-08-11T20:39:11.865981Z,46588.33,3.68521479,46588.34,0.38344991
376,2021-08-11T20:39:11.877684Z,46588.33,4.78521479,46588.34,0.38344991
377,2021-08-11T20:39:11.964946Z,46588.33,4.78521479,46588.34,0.09921793
378,2021-08-11T20:39:11.973990Z,46588.33,4.78521479,46588.34,0.09519634
379,2021-08-11T20:39:11.973990Z,46588.33,4.78521479,46588.34,0.09447973
380,2021-08-11T20:39:11.982321Z,46588.33,4.78521479,46588.34,0.37871171
381,2021-08-11T20:39:12.018655Z,46588.33,3.78521479,46588.34,0.37871171
382,2021-08-11T20:39:12.021621Z,46588.33,1.96521479,46588.34,0.37871171
383,2021-08-11T20:39:12.085448Z,46588.33,1.86521479,46588.34,0.37871171
384,2021-08-11T20:39:12.123691Z,46588.33,0.76521479,46588.34,0.37871171
385,2021-08-11T20:39:12.129561Z,46588.33,0.47521479,46588.34,0.37871171
386,2021-08-11T20:39:12.447631Z,46588.33,0.42521479,46588.34,0.37871171
387,2021-08-11T20:39:12.526889Z,46588.33,0.33744232,46588.34,0.37871171
388,2021-08-11T20:39:12.639793Z,46588.33,0.43557338,46588.34,0.37871171
389,2021-08-11T20:39:12.680503Z,46588.33,0.43557338,46588.34,0.09447973
390,2021-08-11T20:39:12.691650Z,46588.33,0.43557338,46588.34,0.09020349
391,2021-08-11T20:39:12.699371Z,46588.33,0.43557338,46588.34,0.37443547
392,2021-08-11T20:39:12.703184Z,46588.33,2.25557338,46588.34,0.37443547
393,2021-08-11T20:39:12.709851Z,46588.33,0.43557338,46588.34,0.37443547
394,2021-08-11T20:39:12.725734Z,46588.33,0.43557338,46588.34,0.37585488
395,2021-08-11T20:39:12.808183Z,46588.33,1.43557338,46588.34,0.37585488
396,2021-08-11T20:39:12.826611Z,46588.33,1.43557338,46588.34,0.37339019
397,2021-08-11T20:39:12.841917Z,46588.33,1.43557338,46588.34,0.38560669
398,2021-08-11T20:39:12.841970Z,46588.33,3.25557338,46588.34,0.38560669
399,2021-08-11T20:39:12.976700Z,46588.33,3.25557338,46588.34,0.38813969
400,2021-08-11T20:39:12.983111Z,46588.33,1.43557338,46588.34,0.38813969
401,2021-08-11T20:39:13.103513Z,46588.33,1.43557338,46588.34,0.39213949
402,2021-08-11T20:39:13.167211Z,46588.33,1.43342738,46588.34,0.39213949
403,2021-08-11T20:39:13.195175Z,46588.33,1.43342738,46588.34,0.40372883
404,2021-08-11T20:39:13.321725Z,46588.33,1.43342738,46588.34,0.41147995
405,2021-08-11T20:39:13.376565Z,46588.33,2.43342738,46588.34,0.41147995
406,2021-08-11T20:39:13.407856Z,46588.33,1.43342738,46588.34,0.41147995
407,2021-08-11T20:39:13.439639Z,46588.33,2.43342738,46588.34,0.41147995
408,2021-08-11T20:39:13.443864Z,46588.33,2.43342738,46588.34,0.42463465
409,2021-08-11T20:39:13.453824Z,46588.33,1.43342738,46588.34,0.42463465
410,2021-08-11T20:39:13.455049Z,46588.33,2.53342738,46588.34,0.42463465
411,2021-08-11T20:39:13.504039Z,46588.33,2.53342738,46588.34,0.42452787
412,2021-08-11T20:39:13.517995Z,46588.33,4.35342738,46588.34,0.42452787
413,2021-08-11T20:39:13.580065Z,46588.33,4.35342738,46588.34,0.43093998
414,2021-08-11T20:39:13.616134Z,46588.33,6.35622651,46588.34,0.43093998
415,2021-08-11T20:39:13.678315Z,46588.33,6.35622651,46588.34,0.43315528
416,2021-08-11T20:39:13.715868Z,46588.33,7.35622651,46588.34,0.43315528
417,2021-08-11T20:39:13.729118Z,46588.33,6.35622651,46588.34,0.43315528
418,2021-08-11T20:39:13.734200Z,46588.33,6.57922651,46588.34,0.43315528
419,2021-08-11T20:39:13.749716Z,46588.33,7.57922651,46588.34,0.43315528
420,2021-08-11T20:39:13.758085Z,46588.33,6.57922651,46588.34,0.43315528
421,2021-08-11T20:39:13.790916Z,46588.33,7.57922651,46588.34,0.43315528
422,2021-08-11T20:39:13.798009Z,46588.33,6.57922651,46588.34,0.43315528
423,2021-08-11T20:39:13.800927Z,46588.33,6.57922651,46588.34,0.43515528
424,2021-08-11T20:39:13.875291Z,46588.33,6.86922651,46588.34,0.43515528
425,2021-08-11T20:39:13.887379Z,46588.33,6.96922651,46588.34,0.43515528
426,2021-08-11T20:39:13.913965Z,46588.33,7.96922651,46588.34,0.43515528
427,2021-08-11T20:39:13.931555Z,46588.33,7.96922651,46588.34,0.43840528
428,2021-08-11T20:39:14.001604Z,46588.33,8.01922651,46588.34,0.43840528
429,2021-08-11T20:39:14.158842Z,46588.33,8.05644579,46588.34,0.43840528
430,2021-08-11T20:39:14.241454Z,46588.33,8.05644579,46588.34,0.43413636
431,2021-08-11T20:39:14.241454Z,46588.33,8.05644579,46588.34,0.43052936
432,2021-08-11T20:39:14.241454Z,46588.33,8.05644579,46588.34,0.41952936
433,2021-08-11T20:39:14.241454Z,46588.33,8.05644579,46588.34,0.41135966
434,2021-08-11T20:39:14.241454Z,46588.33,8.05644579,46588.34,0.35077326
435,2021-08-11T20:39:14.241454Z,46588.33,8.05644579,46588.34,0.06654128
436,2021-08-11T20:39:14.241454Z,46588.33,8.05644579,46588.34,0.06512187
437,2021-08-11T20:39:14.241454Z,46588.33,8.05644579,46588.34,0.05290537
438,2021-08-11T20:39:14.241454Z,46588.33,8.05644579,46588.34,0.05037237
439,2021-08-11T20:39:14.241454Z,46588.33,8.05644579,46588.34,0.04637257
440,2021-08-11T20:39:14.241454Z,46588.33,8.05644579,46588.34,0.03478323
441,2021-08-11T20:39:14.241454Z,46588.33,8.05644579,46588.34,0.02703211
442,2021-08-11T20:39:14.241454Z,46588.33,8.05644579,46588.34,0.01387741
443,2021-08-11T20:39:14.241454Z,46588.33,8.05644579,46588.34,0.0074653
444,2021-08-11T20:39:14.241454Z,46588.33,8.05644579,46588.34,0.00525
445,2021-08-11T20:39:14.241454Z,46588.33,8.05644579,46588.34,0.00325
446,2021-08-11T20:39:14.241454Z,46588.33,8.05644579,46595.78,0.032243
447,2021-08-11T20:39:14.248044Z,46588.33,7.85644579,46595.78,0.032243
448,2021-08-11T20:39:14.261568Z,46595.77,0.3234,46595.78,0.04125889
449,2021-08-11T20:39:14.264413Z,46595.77,0.5234,46595.78,0.04125889
450,2021-08-11T20:39:14.275745Z,46595.77,1.5234,46595.78,0.04125889
451,2021-08-11T20:39:14.276196Z,46595.77,1.61522466,46595.78,0.04125889
452,2021-08-11T20:39:14.283394Z,46595.77,1.64593218,46595.78,0.04125889
453,2021-08-11T20:39:14.287941Z,46595.77,2.74593218,46595.78,0.04125889
454,2021-08-11T20:39:14.343185Z,46595.77,2.74564741,46595.78,0.04125889
455,2021-08-11T20:39:14.348791Z,46595.77,2.42253218,46595.78,0.04125889
456,2021-08-11T20:39:14.436576Z,46595.77,2.42253218,46595.78,0.04023346
457,2021-08-11T20:39:14.450405Z,46595.77,2.64553218,46595.78,0.04023346
458,2021-08-11T20:39:14.492543Z,46595.77,2.64553218,46595.78,0.00901589
459,2021-08-11T20:39:14.505502Z,46595.77,2.42253218,46595.78,0.00901589
460,2021-08-11T20:39:14.559629Z,46595.77,1.42253218,46595.78,0.00901589
461,2021-08-11T20:39:14.594046Z,46595.77,1.41762905,46595.78,0.00901589
462,2021-08-11T20:39:14.816819Z,46595.77,0.31762905,46595.78,0.00901589
463,2021-08-11T20:39:14.850530Z,46595.77,0.2920117,46595.78,0.00901589
464,2021-08-11T20:39:14.858950Z,46595.77,0.20018704,46595.78,0.00901589
465,2021-08-11T20:39:15.110862Z,46595.77,0.20018704,46595.78,0.00694335
466,2021-08-11T20:39:15.126845Z,46595.77,0.28307454,46595.78,0.00694335
467,2021-08-11T20:39:15.204166Z,46595.77,0.28307454,46595.78,0.00591796
468,2021-08-11T20:39:15.296898Z,46595.77,1.28307454,46595.78,0.00591796
469,2021-08-11T20:39:15.438381Z,46595.77,1.28080468,46595.78,0.00591796
470,2021-08-11T20:39:15.478211Z,46595.77,0.28080468,46595.78,0.00591796
471,2021-08-11T20:39:15.525400Z,46595.77,0.28080468,46595.99,0.00564299
472,2021-08-11T20:39:15.530719Z,46595.77,0.11359502,46595.99,0.00564299
473,2021-08-11T20:39:15.533438Z,46595.77,0.03070752,46595.99,0.00564299
474,2021-08-11T20:39:15.537544Z,46595.98,0.5234,46595.99,0.00564299
475,2021-08-11T20:39:15.545956Z,46595.98,0.6062875,46595.99,0.00564299
476,2021-08-11T20:39:15.551484Z,46595.98,0.6062875,46595.99,0.01156095
477,2021-08-11T20:39:15.555056Z,46595.98,0.6350776,46595.99,0.01156095
478,2021-08-11T20:39:15.589713Z,46595.98,0.6350776,46595.99,0.01125105
479,2021-08-11T20:39:15.683041Z,46595.98,1.6350776,46595.99,0.01125105
480,2021-08-11T20:39:15.707319Z,46595.98,0.6350776,46595.99,0.01125105
481,2021-08-11T20:39:15.713139Z,46595.98,0.6350776,46595.99,0.00591796
482,2021-08-11T20:39:15.713139Z,46595.98,0.6350776,46595.99,0.00072891
483,2021-08-11T20:39:15.732131Z,46595.98,2.4550776,46595.99,0.00072891
484,2021-08-11T20:39:15.738303Z,46595.98,0.6350776,46595.99,0.00072891
485,2021-08-11T20:39:15.838116Z,46595.98,1.6350776,46595.99,0.00072891
486,2021-08-11T20:39:15.876209Z,46595.98,1.6350776,46595.99,0.00316191
487,2021-08-11T20:39:15.876462Z,46595.98,1.6350776,46595.99,0.00258503
488,2021-08-11T20:39:15.889506Z,46595.98,2.7350776,46595.99,0.00258503
489,2021-08-11T20:39:15.892835Z,46595.98,4.5550776,46595.99,0.00258503
490,2021-08-11T20:39:15.912145Z,46595.98,5.5550776,46595.99,0.00258503
491,2021-08-11T20:39:16.056958Z,46595.98,5.6050776,46595.99,0.00258503
492,2021-08-11T20:39:16.065843Z,46595.98,7.24546546,46595.99,0.00258503
493,2021-08-11T20:39:16.069062Z,46595.98,7.24546546,46595.99,0.01472983
494,2021-08-11T20:39:16.095396Z,46595.98,5.6050776,46595.99,0.01472983
495,2021-08-11T20:39:16.116407Z,46595.98,7.68417384,46595.99,0.01472983
496,2021-08-11T20:39:16.149471Z,46595.98,7.90717384,46595.99,0.01472983
497,2021-08-11T20:39:16.158633Z,46595.98,7.90717384,46595.99,0.02542983
498,2021-08-11T20:39:16.173694Z,46595.98,7.90717384,46595.99,0.0252778
499,2021-08-11T20:39:16.173694Z,46595.98,7.90717384,46595.99,0.02335729
500,2021-08-11T20:39:16.180709Z,46595.98,7.9234971,46595.99,0.02335729
501,2021-08-11T20:39:16.260604Z,46595.98,7.9234971,46595.99,0.0356012
502,2021-08-11T20:39:16.267071Z,46595.98,6.9234971,46595.99,0.0356012
503,2021-08-11T20:39:16.294684Z,46595.98,6.9234971,46595.99,0.05423553
504,2021-08-11T20:39:16.295196Z,46595.98,4.84440086,46595.99,0.05423553
505,2021-08-11T20:39:16.301920Z,46595.98,3.02440086,46595.99,0.05423553
506,2021-08-11T20:39:16.366662Z,46595.98,3.02440086,46595.99,0.06257713
507,2021-08-11T20:39:16.394391Z,46595.98,2.02440086,46595.99,0.06257713
508,2021-08-11T20:39:16.483701Z,46595.98,3.02440086,46595.99,0.06257713
509,2021-08-11T20:39:16.531473Z,46595.98,3.02440086,46595.99,0.06206464
510,2021-08-11T20:39:16.531473Z,46595.98,3.02440086,46595.99,0.06155177
511,2021-08-11T20:39:16.541030Z,46595.98,2.80140086,46595.99,0.06155177
512,2021-08-11T20:39:16.547031Z,46595.98,4.62140086,46595.99,0.06155177
513,2021-08-11T20:39:16.556804Z,46595.98,6.68142282,46595.99,0.06155177
514,2021-08-11T20:39:16.577869Z,46595.98,6.90442282,46595.99,0.06155177
515,2021-08-11T20:39:16.598315Z,46595.98,4.84440086,46595.99,0.06155177
516,2021-08-11T20:39:16.609973Z,46595.98,5.84440086,46595.99,0.06155177
517,2021-08-11T20:39:16.635842Z,46595.98,7.48478872,46595.99,0.06155177
518,2021-08-11T20:39:16.636811Z,46595.98,5.66478872,46595.99,0.06155177
519,2021-08-11T20:39:16.683165Z,46595.98,4.02440086,46595.99,0.06155177
520,2021-08-11T20:39:16.763207Z,46595.98,6.1034971,46595.99,0.06155177
521,2021-08-11T20:39:16.767551Z,46595.98,5.1034971,46595.99,0.06155177
522,2021-08-11T20:39:16.779913Z,46595.98,3.02440086,46595.99,0.06155177
523,2021-08-11T20:39:16.789978Z,46595.98,4.02440086,46595.99,0.06155177
524,2021-08-11T20:39:16.850075Z,46595.98,6.04627426,46595.99,0.06155177
525,2021-08-11T20:39:16.866212Z,46595.98,6.04627426,46595.99,0.07135177
526,2021-08-11T20:39:16.871292Z,46595.98,4.02440086,46595.99,0.07135177
527,2021-08-11T20:39:16.883533Z,46595.98,3.02440086,46595.99,0.07135177
528,2021-08-11T20:39:16.892535Z,46595.98,5.27516559,46595.99,0.07135177
529,2021-08-11T20:39:16.911093Z,46595.98,6.27516559,46595.99,0.07135177
530,2021-08-11T20:39:16.915263Z,46595.98,4.02440086,46595.99,0.07135177
531,2021-08-11T20:39:16.953855Z,46595.98,4.02440086,46595.99,0.07620807
532,2021-08-11T20:39:17.051431Z,46595.98,4.02440086,46595.99,0.08015507
533,2021-08-11T20:39:17.120078Z,46595.98,4.02440086,46595.99,0.09299507
534,2021-08-11T20:39:17.120090Z,46595.98,3.02440086,46595.99,0.09299507
535,2021-08-11T20:39:17.160230Z,46595.98,3.02440086,46595.99,0.08872333
536,2021-08-11T20:39:17.172981Z,46595.98,4.84440086,46595.99,0.08872333
537,2021-08-11T20:39:17.198816Z,46595.98,4.84440086,46595.99,0.08136314
538,2021-08-11T20:39:17.198816Z,46595.98,4.84440086,46595.99,0.07066314
539,2021-08-11T20:39:17.198816Z,46595.98,4.84440086,46595.99,0.064831
540,2021-08-11T20:39:17.231446Z,46595.98,4.84440086,46595.99,0.073831
541,2021-08-11T20:39:17.239554Z,46595.98,5.84440086,46595.99,0.073831
542,2021-08-11T20:39:17.241503Z,46595.98,5.84440086,46595.99,0.05519667
543,2021-08-11T20:39:17.247023Z,46595.98,4.84440086,46595.99,0.05519667
544,2021-08-11T20:39:17.285890Z,46595.98,4.84440086,46595.99,0.06511467
545,2021-08-11T20:39:17.325517Z,46595.98,4.84440086,46595.99,0.08350233
546,2021-08-11T20:39:17.368437Z,46595.98,4.84440086,46595.99,0.09165233
547,2021-08-11T20:39:17.407081Z,46595.98,3.02440086,46595.99,0.09165233
548,2021-08-11T20:39:17.435414Z,46595.98,3.02440086,46595.99,0.08524056
549,2021-08-11T20:39:17.435414Z,46595.98,3.02440086,46595.99,0.07689896
550,2021-08-11T20:39:17.435414Z,46595.98,3.02440086,46595.99,0.06709896
551,2021-08-11T20:39:17.435414Z,46595.98,3.02440086,46595.99,0.06224266
552,2021-08-11T20:39:17.435414Z,46595.98,3.02440086,46595.99,0.05829566
553,2021-08-11T20:39:17.435414Z,46595.98,3.02440086,46595.99,0.04545566
554,2021-08-11T20:39:17.435414Z,46595.98,3.02440086,46595.99,0.03645566
555,2021-08-11T20:39:17.435414Z,46595.98,3.02440086,46595.99,0.02653766
556,2021-08-11T20:39:17.435414Z,46595.98,3.02440086,46595.99,0.00815
557,2021-08-11T20:39:17.435414Z,46595.98,3.02440086,46599.99,0.07430404
558,2021-08-11T20:39:17.444128Z,46595.98,3.02440086,46600.0,0.92404149
559,2021-08-11T20:39:17.451823Z,46599.98,0.4234,46600.0,0.92404149
560,2021-08-11T20:39:17.454083Z,46599.98,0.6864,46600.0,0.92404149
561,2021-08-11T20:39:17.461075Z,46599.98,0.4234,46600.0,0.92404149
562,2021-08-11T20:39:17.465836Z,46599.99,0.2016669,46600.0,0.92404149
563,2021-08-11T20:39:17.466101Z,46599.99,0.4016669,46600.0,0.92404149
564,2021-08-11T20:39:17.469134Z,46599.99,1.4016669,46600.0,0.92404149
565,2021-08-11T20:39:17.470583Z,46599.99,1.47597094,46600.0,0.92404149
566,2021-08-11T20:39:17.499112Z,46599.99,2.57597094,46600.0,0.92404149
567,2021-08-11T20:39:17.500984Z,46599.99,2.57597094,46600.0,0.92091908
568,2021-08-11T20:39:17.524104Z,46599.99,4.39597094,46600.0,0.92091908
569,2021-08-11T20:39:17.533100Z,46599.99,2.57597094,46600.0,0.92091908
570,2021-08-11T20:39:17.556020Z,46599.99,2.57597094,46600.0,0.95201813
571,2021-08-11T20:39:17.627127Z,46599.99,2.57597094,46600.0,0.96248813
572,2021-08-11T20:39:17.658577Z,46599.99,1.57597094,46600.0,0.96248813
573,2021-08-11T20:39:17.708700Z,46599.99,1.57597094,46600.0,0.96688813
574,2021-08-11T20:39:17.717078Z,46599.99,1.57597094,46600.0,0.96659958
575,2021-08-11T20:39:17.806696Z,46599.99,1.57597094,46600.0,0.97259958
576,2021-08-11T20:39:17.861712Z,46599.99,0.47597094,46600.0,0.97259958
577,2021-08-11T20:39:17.868393Z,46599.99,0.4016669,46600.0,0.97259958
578,2021-08-11T20:39:17.878603Z,46599.99,0.4016669,46600.0,0.97427758
579,2021-08-11T20:39:17.897231Z,46599.99,0.4016669,46600.0,1.04048883
580,2021-08-11T20:39:17.957453Z,46599.99,0.4016669,46600.0,1.04538883
581,2021-08-11T20:39:18.045508Z,46599.99,0.4016669,46600.0,1.05882113
582,2021-08-11T20:39:18.122026Z,46599.99,0.4016669,46600.0,1.07142113
583,2021-08-11T20:39:18.224553Z,46599.99,0.4016669,46600.0,1.07772113
584,2021-08-11T20:39:18.313397Z,46599.99,0.39987624,46600.0,1.07772113
585,2021-08-11T20:39:18.503582Z,46599.99,0.38935304,46600.0,1.07772113
586,2021-08-11T20:39:18.566099Z,46599.99,0.38885495,46600.0,1.07772113
587,2021-08-11T20:39:18.629208Z,46599.99,0.18885495,46600.0,1.07772113
588,2021-08-11T20:39:18.645038Z,46599.99,0.08718805,46600.0,1.07772113
589,2021-08-11T20:39:18.755292Z,46599.99,0.08718805,46600.0,3.07572904
590,2021-08-11T20:39:18.768977Z,46599.99,0.08718805,46600.0,1.07772113
591,2021-08-11T20:39:18.806624Z,46599.99,0.08718805,46600.0,3.33547007
592,2021-08-11T20:39:18.823269Z,46599.99,0.08718805,46600.0,1.07772113
593,2021-08-11T20:39:19.040109Z,46599.99,0.08718805,46600.0,1.07811515
594,2021-08-11T20:39:19.103691Z,46599.99,0.08718805,46600.0,1.08843115
595,2021-08-11T20:39:19.183861Z,46599.99,0.08718805,46600.0,1.0573321
596,2021-08-11T20:39:19.190850Z,46599.99,0.08718805,46600.0,1.03013593
597,2021-08-11T20:39:19.202053Z,46599.99,0.08718805,46600.0,1.06123498
598,2021-08-11T20:39:19.385902Z,46599.99,0.08718805,46600.0,1.06151605
599,2021-08-11T20:39:19.436500Z,46599.99,0.08718805,46600.0,1.030417
600,2021-08-11T20:39:19.452907Z,46599.99,0.08718805,46600.0,1.00881591
601,2021-08-11T20:39:19.456814Z,46599.99,0.08718805,46600.0,1.03991496
602,2021-08-11T20:39:19.508334Z,46599.99,0.08718805,46600.0,2.7182416
603,2021-08-11T20:39:19.567215Z,46599.99,0.08718805,46600.0,1.03991496
604,2021-08-11T20:39:19.592200Z,46599.99,0.08718805,46600.0,1.05034046
605,2021-08-11T20:39:19.681311Z,46599.99,0.08718805,46600.0,1.06405046
606,2021-08-11T20:39:19.703737Z,46599.99,1.08718805,46600.0,1.06405046
607,2021-08-11T20:39:19.712552Z,46599.99,1.08718805,46600.0,0.99783921
608,2021-08-11T20:39:19.727091Z,46599.99,1.150749,46600.0,0.99783921
609,2021-08-11T20:39:19.734694Z,46599.99,1.200749,46600.0,0.99783921
610,2021-08-11T20:39:19.772789Z,46599.99,1.200749,46600.0,1.00565921
611,2021-08-11T20:39:19.800089Z,46599.99,2.200749,46600.0,1.00565921
612,2021-08-11T20:39:19.819010Z,46599.99,1.200749,46600.0,1.00565921
613,2021-08-11T20:39:19.840689Z,46599.99,0.200749,46600.0,1.00565921
614,2021-08-11T20:39:19.847360Z,46599.99,0.13718805,46600.0,1.00565921
615,2021-08-11T20:39:19.855850Z,46599.99,0.13718805,46600.0,1.01065921
616,2021-08-11T20:39:19.867217Z,46599.99,0.13718805,46600.0,1.07422016
617,2021-08-11T20:39:19.929458Z,46599.99,0.13718805,46600.0,1.07996878
618,2021-08-11T20:39:19.938590Z,46599.99,0.08718805,46600.0,1.07996878
619,2021-08-11T20:39:20.033271Z,46599.99,0.08718805,46600.0,1.09137178
620,2021-08-11T20:39:20.099670Z,46599.99,0.08718805,46600.0,1.10331178
621,2021-08-11T20:39:20.185380Z,46599.99,0.08718805,46600.0,1.11702378
622,2021-08-11T20:39:20.282370Z,46599.99,0.08718805,46600.0,1.12837271
623,2021-08-11T20:39:20.366761Z,46599.99,0.08718805,46600.0,1.13562041
624,2021-08-11T20:39:20.482474Z,46599.99,0.08718805,46600.0,1.1381978
625,2021-08-11T20:39:20.523284Z,46599.99,0.08718805,46600.0,1.1479748
626,2021-08-11T20:39:20.605015Z,46599.99,0.08718805,46600.0,1.1605148
627,2021-08-11T20:39:20.616829Z,46599.99,0.10728285,46600.0,1.1605148
628,2021-08-11T20:39:20.686476Z,46599.99,0.10728285,46600.0,1.1625148
629,2021-08-11T20:39:20.780123Z,46599.99,0.10728285,46600.0,1.1668353
630,2021-08-11T20:39:20.857983Z,46599.99,0.10728285,46600.0,1.1713915
631,2021-08-11T20:39:20.877424Z,46599.99,0.10728285,46600.0,1.17004575
632,2021-08-11T20:39:20.958746Z,46599.99,0.10728285,46600.0,1.27004575
633,2021-08-11T20:39:20.970628Z,46599.99,0.10728285,46600.0,3.04789098
634,2021-08-11T20:39:21.076685Z,46599.99,0.10728285,46600.0,4.04789098
635,2021-08-11T20:39:21.139656Z,46599.99,0.10728285,46600.0,4.33789098
636,2021-08-11T20:39:21.260853Z,46599.99,0.10728285,46600.0,3.33789098
637,2021-08-11T20:39:21.290891Z,46599.99,0.10728285,46600.0,4.33789098
638,2021-08-11T20:39:21.303143Z,46599.99,0.10728285,46600.0,5.33789098
639,2021-08-11T20:39:21.316710Z,46599.99,0.10728285,46600.0,4.33789098
640,2021-08-11T20:39:21.316731Z,46599.99,0.0200948,46600.0,4.33789098
641,2021-08-11T20:39:21.321335Z,46599.99,0.0200948,46600.0,4.33686559
642,2021-08-11T20:39:21.337877Z,46599.99,0.0200948,46600.0,4.34987385
643,2021-08-11T20:39:21.338048Z,46599.99,0.0200948,46600.0,5.34987385
644,2021-08-11T20:39:21.497585Z,46599.99,0.01999083,46600.0,5.34987385
645,2021-08-11T20:39:21.510776Z,46599.99,0.01999083,46600.0,7.16987385
646,2021-08-11T20:39:21.520132Z,46599.99,0.01999083,46600.0,7.24977137
647,2021-08-11T20:39:21.755781Z,46599.99,0.00994343,46600.0,7.24977137
648,2021-08-11T20:39:21.761981Z,46599.99,0.00994343,46600.0,7.14977137
649,2021-08-11T20:39:21.801653Z,46599.99,0.00994343,46600.0,7.19977137
650,2021-08-11T20:39:21.814653Z,46599.99,0.00994343,46600.0,7.29977137
651,2021-08-11T20:39:21.818147Z,46595.98,0.001,46600.0,7.29977137
652,2021-08-11T20:39:21.823782Z,46595.98,0.001,46600.0,7.19977137
653,2021-08-11T20:39:21.825714Z,46595.98,0.001,46600.0,7.13621042
654,2021-08-11T20:39:21.829300Z,46595.98,0.001,46595.99,0.40414613
655,2021-08-11T20:39:21.834467Z,46595.98,0.001,46595.99,0.66714613
656,2021-08-11T20:39:21.843321Z,46595.98,0.001,46595.99,0.76714613
657,2021-08-11T20:39:21.843362Z,46595.98,0.001,46595.99,0.82886802
658,2021-08-11T20:39:21.843450Z,46595.98,0.001,46595.99,2.64886802
659,2021-08-11T20:39:21.843470Z,46595.98,0.001,46595.99,2.67718356
660,2021-08-11T20:39:21.850887Z,46595.98,0.001,46595.99,2.67668144
661,2021-08-11T20:39:21.854341Z,46595.98,0.001,46595.99,2.96668144
662,2021-08-11T20:39:21.854642Z,46595.98,0.001,46595.99,4.98423614
663,2021-08-11T20:39:21.854663Z,46595.98,0.001,46595.99,5.98423614
664,2021-08-11T20:39:21.874426Z,46595.98,0.001,46595.99,6.98423614
665,2021-08-11T20:39:21.974016Z,46595.98,0.001,46595.99,7.03423614
666,2021-08-11T20:39:21.984177Z,46595.98,0.001,46595.99,6.03423614
667,2021-08-11T20:39:22.033292Z,46595.98,0.001,46595.99,6.05179479
668,2021-08-11T20:39:22.033797Z,46595.98,0.001,46595.99,7.05179479
669,2021-08-11T20:39:22.110149Z,46595.98,0.001,46595.99,7.05076936
670,2021-08-11T20:39:22.145370Z,46588.34,0.00320367,46595.99,7.05076936
671,2021-08-11T20:39:22.145370Z,46586.38,0.23419,46595.99,7.05076936
672,2021-08-11T20:39:22.145370Z,46586.38,0.23407551,46595.99,7.05076936
673,2021-08-11T20:39:22.152938Z,46586.38,0.23407551,46595.99,6.98904747
674,2021-08-11T20:39:22.160666Z,46586.38,0.23407551,46588.35,0.6555
675,2021-08-11T20:39:22.166295Z,46586.39,0.0436,46588.35,0.3925
676,2021-08-11T20:39:22.175960Z,46586.39,0.0436,46588.34,1.06172189
677,2021-08-11T20:39:22.183618Z,46586.39,0.0436,46588.34,0.06172189
678,2021-08-11T20:39:22.184001Z,46586.39,0.0436,46591.39,1.0
679,2021-08-11T20:39:22.225606Z,46586.39,0.0436,46586.4,0.11011858
680,2021-08-11T20:39:22.229361Z,46586.39,0.0436,46586.4,0.14121763
681,2021-08-11T20:39:22.241856Z,46586.39,0.1436,46586.4,0.14121763
682,2021-08-11T20:39:22.293830Z,46586.39,0.1436,46586.4,0.1409877
683,2021-08-11T20:39:22.336515Z,46586.39,0.1436,46586.4,0.13109905
684,2021-08-11T20:39:22.341113Z,46586.39,0.1436,46586.4,0.03109905
685,2021-08-11T20:39:22.362991Z,46586.39,0.16640641,46586.4,0.03109905
686,2021-08-11T20:39:22.366301Z,46586.39,0.2281283,46586.4,0.03109905
687,2021-08-11T20:39:22.411403Z,46586.39,0.4281283,46586.4,0.03109905
688,2021-08-11T20:39:22.496454Z,46586.39,2.08759043,46586.4,0.03109905
689,2021-08-11T20:39:22.505486Z,46586.39,3.90759043,46586.4,0.03109905
690,2021-08-11T20:39:22.509070Z,46586.39,4.10759043,46586.4,0.03109905
691,2021-08-11T20:39:22.512601Z,46586.39,5.10759043,46586.4,0.03109905
692,2021-08-11T20:39:22.540512Z,46586.39,3.4481283,46586.4,0.03109905
693,2021-08-11T20:39:22.563280Z,46586.39,5.50815026,46586.4,0.03109905
694,2021-08-11T20:39:22.636101Z,46586.39,3.68815026,46586.4,0.03109905
695,2021-08-11T20:39:22.656449Z,46586.39,1.6281283,46586.4,0.03109905
696,2021-08-11T20:39:22.657645Z,46586.39,0.6281283,46586.4,0.03109905
697,2021-08-11T20:39:22.669349Z,46586.39,1.7281283,46586.4,0.03109905
698,2021-08-11T20:39:22.690449Z,46586.39,1.70532189,46586.4,0.03109905
699,2021-08-11T20:39:22.761881Z,46586.39,1.50532189,46586.4,0.03109905
700,2021-08-11T20:39:22.819650Z,46586.39,1.50532189,46586.4,0.02082979
701,2021-08-11T20:39:23.048654Z,46586.39,0.40532189,46586.4,0.02082979
702,2021-08-11T20:39:23.205010Z,46586.39,0.48300189,46586.4,0.02082979
703,2021-08-11T20:39:23.318868Z,46586.39,0.48300189,46586.4,0.02111086
704,2021-08-11T20:39:23.517732Z,46586.39,0.68300189,46586.4,0.02111086
705,2021-08-11T20:39:23.545850Z,46586.39,0.68300189,46586.4,0.02060859
706,2021-08-11T20:39:23.549308Z,46586.39,1.68300189,46586.4,0.02060859
707,2021-08-11T20:39:23.549760Z,46586.39,1.73300189,46586.4,0.02060859
708,2021-08-11T20:39:23.561051Z,46586.39,3.55300189,46586.4,0.02060859
709,2021-08-11T20:39:23.623189Z,46586.39,3.77600189,46586.4,0.02060859
710,2021-08-11T20:39:23.654959Z,46586.39,3.55300189,46586.4,0.02060859
711,2021-08-11T20:39:23.689599Z,46586.39,3.57299272,46586.4,0.02060859
712,2021-08-11T20:39:23.692924Z,46586.39,3.79599272,46586.4,0.02060859
713,2021-08-11T20:39:23.717720Z,46586.39,3.57299272,46586.4,0.02060859
714,2021-08-11T20:39:23.853092Z,46586.39,3.79599272,46586.4,0.02060859
715,2021-08-11T20:39:23.881673Z,46586.39,5.56990052,46586.4,0.02060859
716,2021-08-11T20:39:23.890726Z,46586.39,5.34690052,46586.4,0.02060859
717,2021-08-11T20:39:23.940613Z,46586.39,5.56990052,46586.4,0.02060859
718,2021-08-11T20:39:23.972074Z,46586.39,5.34690052,46586.4,0.02060859
719,2021-08-11T20:39:23.974759Z,46586.39,5.34274235,46586.4,0.02060859
720,2021-08-11T20:39:23.987198Z,46586.39,6.44274235,46586.4,0.02060859
721,2021-08-11T20:39:24.009100Z,46586.39,6.66574235,46586.4,0.02060859
722,2021-08-11T20:39:24.039848Z,46586.39,6.65671998,46586.4,0.02060859
723,2021-08-11T20:39:24.045139Z,46586.39,6.62630052,46586.4,0.02060859
724,2021-08-11T20:39:24.080450Z,46586.39,6.40330052,46586.4,0.02060859
725,2021-08-11T20:39:24.096291Z,46586.39,6.40243763,46586.4,0.02060859
726,2021-08-11T20:39:24.129730Z,46586.39,6.62543763,46586.4,0.02060859
727,2021-08-11T20:39:24.158130Z,46586.39,6.40243763,46586.4,0.02060859
728,2021-08-11T20:39:24.195751Z,46586.39,6.62543763,46586.4,0.02060859
729,2021-08-11T20:39:24.248964Z,46586.39,6.66543763,46586.4,0.02060859
730,2021-08-11T20:39:24.329977Z,46586.39,6.6454468,46586.4,0.02060859
731,2021-08-11T20:39:24.332520Z,46586.39,6.4224468,46586.4,0.02060859
732,2021-08-11T20:39:24.368590Z,46586.39,4.648539,46586.4,0.02060859
733,2021-08-11T20:39:24.376249Z,46586.39,4.871539,46586.4,0.02060859
734,2021-08-11T20:39:24.389707Z,46586.39,4.648539,46586.4,0.02060859
735,2021-08-11T20:39:24.440489Z,46586.39,4.871539,46586.4,0.02060859
736,2021-08-11T20:39:24.444332Z,46586.39,4.871539,46586.4,0.00028107
737,2021-08-11T20:39:24.444332Z,46586.39,4.871539,46592.84,0.00988865
738,2021-08-11T20:39:24.453110Z,46586.39,4.80981711,46592.84,0.00988865
739,2021-08-11T20:39:24.468761Z,46592.83,0.37991659,46592.84,0.00988865
740,2021-08-11T20:39:24.472290Z,46592.83,0.37991659,46592.84,1.00988865
741,2021-08-11T20:39:24.480332Z,46592.83,0.3234,46592.84,1.00988865
742,2021-08-11T20:39:24.484062Z,46592.83,0.3234,46592.84,1.03021617
743,2021-08-11T20:39:24.521406Z,46592.83,0.3234,46592.84,1.08673276
744,2021-08-11T20:39:24.740914Z,46592.83,0.36880967,46592.84,1.08673276
745,2021-08-11T20:39:24.783102Z,46592.83,0.36880967,46592.84,0.08673276
746,2021-08-11T20:39:24.794311Z,46592.83,0.36880967,46592.84,0.03021617
747,2021-08-11T20:39:24.797474Z,46592.83,0.42337954,46592.84,0.03021617
748,2021-08-11T20:39:24.930155Z,46592.83,0.42337954,46592.84,1.03021617
749,2021-08-11T20:39:24.937231Z,46592.83,0.36880967,46592.84,1.03021617
750,2021-08-11T20:39:24.943160Z,46592.83,0.36880967,46592.84,1.13021617
751,2021-08-11T20:39:24.946820Z,46592.83,0.36880967,46592.84,1.18478604
752,2021-08-11T20:39:25.311048Z,46592.83,0.3234,46592.84,1.18478604
753,2021-08-11T20:39:25.681334Z,46592.83,0.3234,46592.84,1.17489739
754,2021-08-11T20:39:26.999520Z,46592.83,0.3234,46592.84,1.17529141
755,2021-08-11T20:39:27.030042Z,46592.83,0.3234,46592.84,1.23354497
756,2021-08-11T20:39:27.639329Z,46592.83,0.3234,46592.84,1.21321745
757,2021-08-11T20:39:27.639329Z,46592.83,0.3234,46592.84,1.1283194
758,2021-08-11T20:39:27.648400Z,46592.83,0.3234,46592.84,1.1281164
759,2021-08-11T20:39:27.654880Z,46592.83,0.37796987,46592.84,1.1281164
760,2021-08-11T20:39:27.659697Z,46592.83,0.37796987,46592.84,1.07354653
761,2021-08-11T20:39:27.663879Z,46592.83,0.3234,46592.84,1.07354653
762,2021-08-11T20:39:27.668913Z,46592.83,0.3234,46592.84,1.09487461
763,2021-08-11T20:39:27.677763Z,46592.83,0.37796987,46592.84,1.09487461
764,2021-08-11T20:39:27.678027Z,46592.83,0.37796987,46592.84,1.14944448
765,2021-08-11T20:39:27.681889Z,46592.83,0.37796987,46592.84,2.14944448
766,2021-08-11T20:39:27.684875Z,46592.83,0.3234,46592.84,2.14944448
767,2021-08-11T20:39:27.700466Z,46592.83,0.3234,46592.84,1.14944448
768,2021-08-11T20:39:27.856407Z,46592.83,0.3234,46592.84,1.14656762
769,2021-08-11T20:39:27.935293Z,46592.83,0.3234,46592.84,0.23454553
770,2021-08-11T20:39:27.935893Z,46592.83,0.3234,46592.84,0.23404353
771,2021-08-11T20:39:27.941117Z,46592.83,0.3234,46592.84,0.17947366
772,2021-08-11T20:39:27.946635Z,46592.83,0.37796987,46592.84,0.17947366
773,2021-08-11T20:39:28.009102Z,46592.83,0.3234,46592.84,0.17947366
774,2021-08-11T20:39:28.025572Z,46592.83,0.37796987,46592.84,0.17947366
775,2021-08-11T20:39:28.029495Z,46592.83,0.37662726,46592.84,0.17947366
776,2021-08-11T20:39:28.032421Z,46592.83,0.32205739,46592.84,0.17947366
777,2021-08-11T20:39:28.035262Z,46589.63,0.1577,46592.84,0.17947366
778,2021-08-11T20:39:28.040305Z,46588.82,0.1577,46592.84,0.17947366
779,2021-08-11T20:39:28.040305Z,46588.02,0.1577,46592.84,0.17947366
780,2021-08-11T20:39:28.040305Z,46586.83,0.04971,46592.84,0.17947366
781,2021-08-11T20:39:28.043945Z,46586.83,0.04971,46592.84,0.17947366
782,2021-08-11T20:39:28.045568Z,46586.83,0.04971,46592.84,1.17947366
783,2021-08-11T20:39:28.079375Z,46590.35,1.0,46592.83,0.05456987
784,2021-08-11T20:39:28.365039Z,46590.5,0.02370474,46592.82,0.0001
785,2021-08-11T20:39:28.379590Z,46590.5,0.02370474,46592.82,0.0001
786,2021-08-11T20:39:28.525596Z,46590.64,0.04752969,46592.82,0.0001
787,2021-08-11T20:39:28.643933Z,46590.7,0.01490867,46592.82,0.0001
788,2021-08-11T20:39:28.643933Z,46590.7,0.01490867,46592.84,0.17947366
789,2021-08-11T20:39:28.643933Z,46590.7,0.01490867,46592.84,0.17917173
790,2021-08-11T20:39:28.683790Z,46590.81,0.04711829,46592.84,0.17917173
791,2021-08-11T20:39:28.702113Z,46590.81,0.04711829,46592.84,0.17917173
792,2021-08-11T20:39:28.732653Z,46590.8,0.04604753,46592.84,0.17917173
793,2021-08-11T20:39:28.754152Z,46590.85,0.04769877,46592.84,0.17917173
794,2021-08-11T20:39:28.816345Z,46590.85,0.04172426,46592.84,0.17917173
795,2021-08-11T20:39:29.007862Z,46591.13,0.04385945,46592.83,0.05309602
796,2021-08-11T20:39:29.016470Z,46591.13,0.04385945,46592.84,0.17917173
797,2021-08-11T20:39:29.052325Z,46592.83,0.37689125,46592.84,0.17917173
798,2021-08-11T20:39:29.082147Z,46592.83,0.3234,46592.84,0.17917173
799,2021-08-11T20:39:29.082246Z,46592.83,0.3234,46592.84,1.17917173
800,2021-08-11T20:39:29.086297Z,46592.83,0.3675722,46592.84,1.17917173
801,2021-08-11T20:39:29.088566Z,46592.83,0.0441722,46592.84,1.17917173
802,2021-08-11T20:39:29.094756Z,46587.99,0.05349125,46592.84,1.17917173
803,2021-08-11T20:39:29.097879Z,46586.85,0.29,46592.84,1.17917173
804,2021-08-11T20:39:29.112948Z,46591.14,0.01490599,46591.15,0.4925
805,2021-08-11T20:39:29.123294Z,46591.14,0.01490599,46591.15,2.3125
806,2021-08-11T20:39:29.132821Z,46591.14,0.01490599,46591.15,3.3125
807,2021-08-11T20:39:29.136619Z,46591.14,0.01490599,46591.15,4.3125
808,2021-08-11T20:39:29.158711Z,46591.14,0.01490599,46591.15,6.44729571
809,2021-08-11T20:39:29.162240Z,46591.14,0.01490599,46591.15,6.46681736
810,2021-08-11T20:39:29.215270Z,46591.14,0.01490599,46591.15,6.46721138
811,2021-08-11T20:39:29.239212Z,46586.39,0.27768,46591.15,6.46721138
812,2021-08-11T20:39:29.256954Z,46586.39,0.27768,46591.15,6.75721138
813,2021-08-11T20:39:29.270795Z,46586.39,0.27768,46591.15,4.62241567
814,2021-08-11T20:39:29.271124Z,46586.39,0.27768,46591.15,4.33241567
815,2021-08-11T20:39:29.272110Z,46586.39,0.27768,46591.15,4.23241567
816,2021-08-11T20:39:29.287132Z,46586.39,0.27768,46586.4,0.40238865
817,2021-08-11T20:39:29.292392Z,46586.39,0.27768,46586.4,0.66538865
818,2021-08-11T20:39:29.310284Z,46586.39,0.27768,46586.4,2.06538865
819,2021-08-11T20:39:29.310880Z,46586.39,0.27768,46586.4,2.16538865
820,2021-08-11T20:39:29.341443Z,46586.39,0.27768,46586.4,0.76538865
821,2021-08-11T20:39:29.363160Z,46586.39,0.3207302,46586.4,0.76538865
822,2021-08-11T20:39:29.406340Z,46586.39,0.3207302,46586.4,1.76538865
823,2021-08-11T20:39:29.408099Z,46586.39,0.27768,46586.4,1.76538865
824,2021-08-11T20:39:29.411103Z,46586.39,0.27768,46586.4,0.76538865
825,2021-08-11T20:39:29.430287Z,46586.39,0.27768,46586.4,0.76578267
826,2021-08-11T20:39:29.457652Z,46586.39,0.27768,46586.4,0.80578267
827,2021-08-11T20:39:29.479642Z,46586.39,0.07768,46586.4,0.80578267
828,2021-08-11T20:39:29.481089Z,46586.39,0.07768,46586.4,1.80578267
829,2021-08-11T20:39:29.530143Z,46586.39,0.07768,46586.4,2.80578267
830,2021-08-11T20:39:29.549068Z,46586.39,0.07768,46586.4,3.09578267
831,2021-08-11T20:39:29.553713Z,46586.39,0.00751809,46586.4,3.09578267
832,2021-08-11T20:39:29.560395Z,46586.39,0.00751809,46586.4,2.99578267
833,2021-08-11T20:39:29.581824Z,46586.39,0.00751809,46586.4,1.99578267
834,2021-08-11T20:39:29.589715Z,46586.39,0.00751809,46586.4,2.09578267
835,2021-08-11T20:39:29.649510Z,46586.39,0.00751809,46586.4,3.71906666
836,2021-08-11T20:39:30.018957Z,46586.39,0.00751809,46586.4,4.71906666
837,2021-08-11T20:39:30.052259Z,46586.39,0.00751809,46586.4,4.73868668
838,2021-08-11T20:39:30.068433Z,46586.39,0.00751809,46586.4,4.78228668
839,2021-08-11T20:39:30.151164Z,46586.39,0.00751809,46586.4,4.86339992
840,2021-08-11T20:39:30.151259Z,46586.39,0.00751809,46586.4,4.89491051
841,2021-08-11T20:39:30.162229Z,46586.39,0.00751809,46586.4,3.89491051
842,2021-08-11T20:39:30.262531Z,46586.39,0.00751809,46586.4,3.81379727
843,2021-08-11T20:39:30.267262Z,46586.39,0.00751809,46586.4,3.79417725
844,2021-08-11T20:39:30.289787Z,46586.39,0.00751809,46586.4,3.75417725
845,2021-08-11T20:39:30.302616Z,46586.39,0.00751809,46586.4,3.72266666
846,2021-08-11T20:39:30.370543Z,46586.39,0.00751809,46586.4,2.72266666
847,2021-08-11T20:39:30.586974Z,46586.39,0.00751809,46586.4,3.72266666
848,2021-08-11T20:39:30.602959Z,46586.39,0.10751809,46586.4,3.72266666
849,2021-08-11T20:39:30.623773Z,46586.39,0.10751809,46586.4,2.72266666
850,2021-08-11T20:39:30.679929Z,46586.39,0.10751809,46586.4,2.67906666
851,2021-08-11T20:39:30.683021Z,46586.39,0.10751809,46586.4,1.05578267
852,2021-08-11T20:39:30.689300Z,46586.39,0.10751809,46586.4,1.09938267
853,2021-08-11T20:39:30.697920Z,46586.39,0.10751809,46586.4,1.05578267
854,2021-08-11T20:39:30.722956Z,46586.39,0.10751809,46586.4,1.04589402
855,2021-08-11T20:39:30.723287Z,46586.39,1.10751809,46586.4,1.04589402
856,2021-08-11T20:39:30.728697Z,46586.39,1.10751809,46586.4,0.75589402
857,2021-08-11T20:39:30.730825Z,46586.39,1.1594169,46586.4,0.75589402
858,2021-08-11T20:39:30.734272Z,46586.39,1.1594169,46586.4,0.65589402
859,2021-08-11T20:39:30.783031Z,46586.39,0.1594169,46586.4,0.65589402
860,2021-08-11T20:39:30.875854Z,46586.39,0.15574943,46586.4,0.65589402
861,2021-08-11T20:39:30.883759Z,46586.39,0.10385062,46586.4,0.65589402
862,2021-08-11T20:39:30.961506Z,46586.39,0.11851062,46586.4,0.65589402
863,2021-08-11T20:39:31.098386Z,46586.39,0.17040943,46586.4,0.65589402
864,2021-08-11T20:39:31.112729Z,46586.39,0.11851062,46586.4,0.65589402
865,2021-08-11T20:39:31.165746Z,46586.39,0.17040943,46586.4,0.65589402
866,2021-08-11T20:39:31.172638Z,46586.39,0.11851062,46586.4,0.65589402
867,2021-08-11T20:39:31.219268Z,46586.39,0.11851062,46586.4,0.70779283
868,2021-08-11T20:39:31.322071Z,46586.39,0.11851062,46586.4,0.70476057
869,2021-08-11T20:39:31.327339Z,46586.39,0.11851062,46586.4,0.31529283
870,2021-08-11T20:39:31.334698Z,46586.39,0.11851062,46586.4,0.26339402
871,2021-08-11T20:39:31.391481Z,46586.39,0.17040943,46586.4,0.26339402
872,2021-08-11T20:39:31.473178Z,46586.39,0.16655881,46586.4,0.26339402
873,2021-08-11T20:39:31.473178Z,46586.39,0.16471333,46586.4,0.26339402
874,2021-08-11T20:39:31.482847Z,46586.39,0.11281452,46586.4,0.26339402
875,2021-08-11T20:39:31.526996Z,46586.39,0.16471333,46586.4,0.26339402
876,2021-08-11T20:39:31.533630Z,46586.39,0.11281452,46586.4,0.26339402
877,2021-08-11T20:39:31.557489Z,46586.39,0.16471333,46586.4,0.26339402
878,2021-08-11T20:39:31.652266Z,46586.39,0.16471333,46586.4,0.26185647
879,2021-08-11T20:39:31.656897Z,46586.39,0.16471333,46586.4,0.00039402
880,2021-08-11T20:39:31.667797Z,46586.39,0.16471333,46586.4,0.39289402
881,2021-08-11T20:39:31.688661Z,46586.39,0.16471333,46586.4,0.3925
882,2021-08-11T20:39:31.705440Z,46586.39,0.11281452,46586.4,0.3925
883,2021-08-11T20:39:31.711734Z,46586.39,0.11281452,46586.4,0.39147487
884,2021-08-11T20:39:31.717117Z,46586.39,0.11281452,46587.65,0.05009755
885,2021-08-11T20:39:31.719545Z,46586.39,0.11281452,46588.88,0.29
886,2021-08-11T20:39:31.722875Z,46586.39,0.09815452,46588.88,0.29
887,2021-08-11T20:39:31.730084Z,46586.39,0.09815452,46586.4,0.44259755
888,2021-08-11T20:39:31.730394Z,46586.39,0.14825207,46586.4,0.44259755
889,2021-08-11T20:39:31.733924Z,46586.39,0.14825207,46586.4,0.70559755
890,2021-08-11T20:39:31.734318Z,46586.39,0.14825207,46586.4,0.6555
891,2021-08-11T20:39:31.737438Z,46586.39,0.16291207,46586.4,0.6555
892,2021-08-11T20:39:31.737486Z,46586.39,0.11281452,46586.4,0.6555
893,2021-08-11T20:39:31.740079Z,46586.39,0.11281452,46586.4,0.3925
894,2021-08-11T20:39:31.742069Z,46586.39,0.11281452,46586.4,0.39289402
895,2021-08-11T20:39:31.747671Z,46586.39,0.11281452,46586.4,0.44299157
896,2021-08-11T20:39:31.763218Z,46586.39,0.11281452,46586.4,0.44259755
897,2021-08-11T20:39:31.765994Z,46586.39,0.15854971,46586.4,0.44259755
898,2021-08-11T20:39:31.819861Z,46586.39,0.15854971,46586.4,0.44299157
899,2021-08-11T20:39:31.950674Z,46586.39,0.15854971,46586.4,0.44259624
900,2021-08-11T20:39:31.956506Z,46586.39,0.15854971,46586.4,0.05049157
901,2021-08-11T20:39:31.957894Z,46586.39,1.15854971,46586.4,0.05049157
902,2021-08-11T20:39:31.959424Z,46586.39,1.15854971,46586.4,0.00039402
903,2021-08-11T20:39:31.970191Z,46586.39,1.15854971,46586.4,0.39289402
904,2021-08-11T20:39:31.970752Z,46586.39,1.20864726,46586.4,0.39289402
905,2021-08-11T20:39:31.970772Z,46586.39,1.40864726,46586.4,0.39289402
906,2021-08-11T20:39:31.970817Z,46586.39,3.18255506,46586.4,0.39289402
907,2021-08-11T20:39:31.996640Z,46586.39,3.18255506,46586.4,0.3925
908,2021-08-11T20:39:32.043724Z,46586.39,3.18255506,46586.4,0.39289402
909,2021-08-11T20:39:32.357447Z,46586.39,2.18255506,46586.4,0.39289402
910,2021-08-11T20:39:32.375481Z,46586.39,0.40864726,46586.4,0.39289402
911,2021-08-11T20:39:32.382261Z,46586.39,0.35854971,46586.4,0.39289402
912,2021-08-11T20:39:32.385590Z,46586.39,0.35854971,46586.4,0.44299157
913,2021-08-11T20:39:32.453788Z,46586.39,0.35400788,46586.4,0.44299157
914,2021-08-11T20:39:33.080956Z,46586.39,0.35440788,46586.4,0.44299157
915,2021-08-11T20:39:33.119740Z,46586.39,0.35440788,46586.4,0.44062984
916,2021-08-11T20:39:33.125102Z,46586.39,0.35440788,46586.4,0.05049157
917,2021-08-11T20:39:33.126704Z,46586.39,0.35440788,46586.4,0.00039402
918,2021-08-11T20:39:33.139481Z,46586.39,0.40267998,46586.4,0.00039402
919,2021-08-11T20:39:33.157895Z,46586.39,0.40267998,46588.73,0.29
920,2021-08-11T20:39:33.164004Z,46586.39,0.35440788,46588.73,0.29
921,2021-08-11T20:39:33.164653Z,46586.39,0.33974788,46588.73,0.29
922,2021-08-11T20:39:33.204303Z,46588.53,0.11466,46588.54,0.00039402
923,2021-08-11T20:39:33.204479Z,46588.53,0.11466,46588.54,0.39289402
924,2021-08-11T20:39:33.206707Z,46588.53,0.11466,46588.54,0.3925
925,2021-08-11T20:39:33.212102Z,46588.53,0.12974573,46588.54,0.3925
926,2021-08-11T20:39:33.235712Z,46588.53,0.12974573,46588.54,0.4407721
927,2021-08-11T20:39:33.242607Z,46588.53,0.12974573,46588.54,0.3925
928,2021-08-11T20:39:33.255163Z,46588.53,0.12974573,46588.54,0.4407721
929,2021-08-11T20:39:33.284593Z,46588.53,0.12974573,46588.54,0.44116612
930,2021-08-11T20:39:33.423485Z,46588.53,0.11054544,46588.54,0.44116612
931,2021-08-11T20:39:33.570356Z,46588.53,0.11054544,46588.54,0.44106612
932,2021-08-11T20:39:34.015144Z,46588.53,0.0667837,46588.54,0.44106612
933,2021-08-11T20:39:34.029314Z,46588.53,0.0667837,46588.54,1.63106612
934,2021-08-11T20:39:34.035767Z,46588.53,0.0667837,46588.54,0.44106612
935,2021-08-11T20:39:34.062718Z,46588.53,0.0667837,46588.54,1.44106612
936,2021-08-11T20:39:34.071113Z,46588.53,0.0677837,46588.54,1.44106612
937,2021-08-11T20:39:34.074543Z,46588.53,0.0677837,46588.54,0.44106612
938,2021-08-11T20:39:34.168057Z,46588.53,0.0677837,46588.54,0.54106612
939,2021-08-11T20:39:34.189823Z,46588.53,0.0677837,46588.54,0.5404893
940,2021-08-11T20:39:34.195757Z,46588.53,0.0677837,46588.54,0.14866612
941,2021-08-11T20:39:34.201276Z,46588.53,0.0677837,46588.54,0.10039402
942,2021-08-11T20:39:34.263129Z,46588.53,0.05269797,46588.54,0.10039402
943,2021-08-11T20:39:34.542221Z,46588.53,0.05269797,46588.54,0.1
944,2021-08-11T20:39:34.542221Z,46588.53,0.05269797,46588.54,0.0961161
945,2021-08-11T20:39:34.573974Z,46588.53,0.05269797,46588.54,0.09651012
946,2021-08-11T20:39:34.580621Z,46588.53,0.05269797,46588.54,0.0961161
947,2021-08-11T20:39:34.857091Z,46588.53,0.03803797,46588.54,0.0961161
948,2021-08-11T20:39:34.863240Z,46588.53,0.03803797,46588.54,1.0961161
949,2021-08-11T20:39:34.876570Z,46588.53,0.03803797,46588.54,1.14246645
950,2021-08-11T20:39:34.876618Z,46588.53,0.03803797,46588.54,1.07829753
951,2021-08-11T20:39:34.931441Z,46588.53,0.03803797,46588.54,2.74282187
952,2021-08-11T20:39:34.988868Z,46588.53,0.03803797,46588.54,3.74282187
953,2021-08-11T20:39:35.003856Z,46588.53,0.03803797,46588.54,3.74604642
954,2021-08-11T20:39:35.014171Z,46588.53,0.03803797,46588.54,3.75955524
955,2021-08-11T20:39:35.043746Z,46588.53,0.03803797,46588.54,3.80955524
956,2021-08-11T20:39:35.127653Z,46588.53,0.03803797,46588.54,2.80955524
957,2021-08-11T20:39:35.174323Z,46588.53,0.03803797,46588.54,2.84675456
958,2021-08-11T20:39:35.195921Z,46588.53,0.03803797,46588.54,2.84721521
959,2021-08-11T20:39:35.267190Z,46588.53,0.001,46588.54,2.84721521
960,2021-08-11T20:39:35.267190Z,46586.39,0.002,46588.54,2.84721521
961,2021-08-11T20:39:35.267190Z,46586.39,0.0016,46588.54,2.84721521
962,2021-08-11T20:39:35.267190Z,46586.39,0.0012,46588.54,2.84721521
963,2021-08-11T20:39:35.267190Z,46586.39,0.0006,46588.54,2.84721521
964,2021-08-11T20:39:35.267190Z,46586.38,0.23407551,46588.54,2.84721521
965,2021-08-11T20:39:35.267190Z,46586.38,0.17419532,46588.54,2.84721521
966,2021-08-11T20:39:35.284632Z,46586.38,0.17419532,46586.39,0.26555576
967,2021-08-11T20:39:35.288282Z,46586.38,0.17419532,46586.39,0.65805576
968,2021-08-11T20:39:35.292428Z,46586.38,0.17419532,46586.39,0.94805576
969,2021-08-11T20:39:35.292599Z,46586.38,0.17419532,46586.39,2.76805576
970,2021-08-11T20:39:35.295811Z,46586.38,0.17419532,46586.39,2.81440611
971,2021-08-11T20:39:35.315536Z,46586.38,0.17419532,46586.39,2.86440611
972,2021-08-11T20:39:35.318337Z,46586.38,0.17419532,46586.39,2.90370635
973,2021-08-11T20:39:35.338825Z,46586.38,0.17419532,46586.39,3.90370635
974,2021-08-11T20:39:35.444158Z,46586.38,0.17419532,46586.39,4.90370635
975,2021-08-11T20:39:35.518582Z,46586.38,0.17419532,46586.39,3.90370635
976,2021-08-11T20:39:35.632075Z,46586.38,0.17419532,46586.39,3.94090567
977,2021-08-11T20:39:35.674851Z,46586.38,0.17419532,46586.39,2.12090567
978,2021-08-11T20:39:35.676011Z,46586.38,0.17419532,46586.39,2.16599276
979,2021-08-11T20:39:35.772189Z,46586.38,0.17419532,46586.39,1.16599276
980,2021-08-11T20:39:35.783323Z,46586.38,0.17419532,46586.39,1.12879344
981,2021-08-11T20:39:35.830419Z,46586.38,0.27419532,46586.39,1.12879344
982,2021-08-11T20:39:35.843766Z,46586.38,0.27419532,46586.39,1.08370635
983,2021-08-11T20:39:35.852219Z,46586.38,1.27419532,46586.39,1.08370635
984,2021-08-11T20:39:35.860393Z,46586.38,1.27419532,46586.39,1.04440611
985,2021-08-11T20:39:35.860724Z,46586.38,1.27419532,46586.39,0.99805576
986,2021-08-11T20:39:35.863588Z,46586.38,1.27419532,46586.39,0.70805576
987,2021-08-11T20:39:35.866802Z,46586.38,1.32011418,46586.39,0.70805576
988,2021-08-11T20:39:35.873851Z,46586.38,1.36311367,46586.39,0.70805576
989,2021-08-11T20:39:35.950900Z,46586.38,1.36311367,46586.39,0.44505576
990,2021-08-11T20:39:35.953940Z,46586.38,2.36311367,46586.39,0.44505576
991,2021-08-11T20:39:35.956867Z,46586.38,2.36311367,46586.39,0.05255576
992,2021-08-11T20:39:35.962235Z,46586.38,2.36311367,46586.39,0.05
993,2021-08-11T20:39:35.965939Z,46586.38,2.36311367,46588.54,0.02072924
994,2021-08-11T20:39:35.972598Z,46586.38,2.31719481,46588.54,0.02072924
995,2021-08-11T20:39:35.977945Z,46588.53,0.11466,46588.54,0.02072924
996,2021-08-11T20:39:35.989617Z,46588.53,0.21466,46588.54,0.02072924
997,2021-08-11T20:39:36.004271Z,46588.53,0.24147192,46588.54,0.02072924
998,2021-08-11T20:39:36.004351Z,46588.53,0.28739078,46588.54,0.02072924
999,2021-08-11T20:39:36.012341Z,46588.53,1.28739078,46588.54,0.02072924
1000,2021-08-11T20:39:36.028515Z,46588.53,2.28739078,46588.54,0.02072924
1001,2021-08-11T20:39:36.079092Z,46588.53,1.28739078,46588.54,0.02072924
1002,2021-08-11T20:39:36.097139Z,46588.53,0.28739078,46588.54,0.02072924
1003,2021-08-11T20:39:36.107342Z,46588.53,1.28739078,46588.54,0.02072924
1004,2021-08-11T20:39:36.118648Z,46588.53,0.28739078,46588.54,0.02072924
1005,2021-08-11T20:39:36.411326Z,46588.53,0.24147192,46588.54,0.02072924
1006,2021-08-11T20:39:36.434803Z,46588.53,0.28739078,46588.54,0.02072924
1007,2021-08-11T20:39:36.651655Z,46588.53,0.18739078,46588.54,0.02072924
1008,2021-08-11T20:39:36.653701Z,46588.53,0.18739078,46588.54,0.41322924
1009,2021-08-11T20:39:36.657110Z,46588.53,0.14147192,46588.54,0.41322924
1010,2021-08-11T20:39:36.657132Z,46588.53,0.12681192,46588.54,0.41322924
1011,2021-08-11T20:39:36.657340Z,46588.53,0.12681192,46588.54,0.43479704
1012,2021-08-11T20:39:36.659473Z,46588.53,0.1,46588.54,0.43479704
1013,2021-08-11T20:39:36.661650Z,46586.38,0.21719481,46588.54,0.43479704
1014,2021-08-11T20:39:36.661682Z,46586.38,0.21719481,46588.54,0.47479704
1015,2021-08-11T20:39:36.662396Z,46586.38,0.17419532,46588.54,0.47479704
1016,2021-08-11T20:39:36.666052Z,46586.38,0.17419532,46588.54,0.5207159
1017,2021-08-11T20:39:36.673076Z,46586.38,0.17419532,46588.54,0.5207159
1018,2021-08-11T20:39:36.674263Z,46586.38,0.17419532,46586.39,0.06403016
1019,2021-08-11T20:39:36.674636Z,46586.38,0.17419532,46586.39,0.32703016
1020,2021-08-11T20:39:36.677784Z,46586.38,0.17419532,46586.39,0.71953016
1021,2021-08-11T20:39:36.681071Z,46586.38,0.17419532,46586.39,0.72519597
1022,2021-08-11T20:39:36.693479Z,46586.38,0.17419532,46586.39,2.54519597
1023,2021-08-11T20:39:36.708301Z,46586.38,0.17419532,46586.39,2.59111483
1024,2021-08-11T20:39:36.727984Z,46586.38,0.17419532,46586.39,3.59111483
1025,2021-08-11T20:39:36.777304Z,46586.38,0.17419532,46586.39,4.59111483
1026,2021-08-11T20:39:36.777744Z,46586.38,0.17419532,46586.39,4.88111483
1027,2021-08-11T20:39:36.803654Z,46586.38,0.17419532,46586.39,7.19842919
1028,2021-08-11T20:39:36.847375Z,46586.38,0.17419532,46586.39,7.24202919
1029,2021-08-11T20:39:36.860372Z,46586.38,0.17419532,46586.39,7.27571732
1030,2021-08-11T20:39:36.895771Z,46586.38,0.17419532,46586.39,7.28886019
1031,2021-08-11T20:39:36.908626Z,46586.38,0.17419532,46586.39,7.32605951
1032,2021-08-11T20:39:37.154111Z,46586.38,0.17419532,46586.39,7.34310355
1033,2021-08-11T20:39:37.169258Z,46586.38,0.10450309,46586.39,7.34310355
1034,2021-08-11T20:39:37.345525Z,46586.38,0.10400385,46586.39,7.34310355
1035,2021-08-11T20:39:37.382614Z,46586.38,0.10400385,46586.39,7.30310355
1036,2021-08-11T20:39:37.413381Z,46586.38,0.10400385,46586.39,7.30678875
1037,2021-08-11T20:39:37.794174Z,46586.38,0.10400385,46586.39,7.35678875
1038,2021-08-11T20:39:37.966961Z,46586.38,0.10400385,46586.39,7.40633121
1039,2021-08-11T20:39:38.010830Z,46586.38,0.10400385,46586.39,6.40633121
1040,2021-08-11T20:39:38.150771Z,46586.38,0.10400385,46586.39,6.39606152
1041,2021-08-11T20:39:38.268834Z,46586.38,0.10400385,46586.39,7.39606152
1042,2021-08-11T20:39:39.778129Z,46586.38,0.10400385,46586.39,7.39072185
1043,2021-08-11T20:39:39.916453Z,46586.38,0.10366728,46586.39,7.39072185
1044,2021-08-11T20:39:39.974437Z,46586.38,0.10366728,46586.39,7.38314571
1045,2021-08-11T20:39:40.316015Z,46586.38,0.10366728,46586.39,6.38314571
1046,2021-08-11T20:39:40.404107Z,46586.38,0.10366728,46586.39,4.56314571
1047,2021-08-11T20:39:40.463618Z,46586.38,0.10366728,46586.39,3.56314571
1048,2021-08-11T20:39:40.523170Z,46586.38,0.10366728,46586.39,4.56314571
1049,2021-08-11T20:39:40.529724Z,46586.38,0.10366728,46586.39,3.56314571
1050,2021-08-11T20:39:40.543791Z,46586.38,0.10366728,46586.39,4.56314571
1051,2021-08-11T20:39:40.551500Z,46586.38,0.10366728,46586.39,3.56314571
1052,2021-08-11T20:39:40.565657Z,46586.38,0.1456794,46586.39,3.56314571
1053,2021-08-11T20:39:40.629784Z,46586.38,0.1456794,46586.39,4.56314571
1054,2021-08-11T20:39:40.633957Z,46586.38,0.10366728,46586.39,4.56314571
1055,2021-08-11T20:39:40.736131Z,46586.38,0.10366728,46586.39,3.56314571
1056,2021-08-11T20:39:40.754631Z,46586.38,0.10366728,46586.39,4.56314571
1057,2021-08-11T20:39:40.974851Z,46586.38,0.10366728,46586.39,5.56314571
1058,2021-08-11T20:39:41.064203Z,46586.38,0.10366728,46586.39,5.5574799
1059,2021-08-11T20:39:41.101790Z,46586.38,0.10366728,46586.39,5.5790799
1060,2021-08-11T20:39:41.289765Z,46586.38,0.10366728,46586.39,7.3990799
1061,2021-08-11T20:39:41.367196Z,46586.38,0.10366728,46586.39,6.3990799
1062,2021-08-11T20:39:41.436665Z,46586.38,0.10366728,46586.39,4.5790799
1063,2021-08-11T20:39:41.443111Z,46586.38,0.10366728,46586.39,5.5790799
1064,2021-08-11T20:39:41.459798Z,46586.38,0.10366728,46586.39,4.5790799
1065,2021-08-11T20:39:41.523722Z,46586.38,0.10366728,46586.39,5.5790799
1066,2021-08-11T20:39:41.579106Z,46586.38,0.10366728,46586.39,4.5790799
1067,2021-08-11T20:39:41.622795Z,46586.38,0.10366728,46586.39,4.3160799
1068,2021-08-11T20:39:41.687590Z,46586.38,0.10366728,46586.39,5.3160799
1069,2021-08-11T20:39:41.713112Z,46586.38,0.10366728,46586.39,5.26653744
1070,2021-08-11T20:39:41.715216Z,46586.38,0.10366728,46586.39,4.26653744
1071,2021-08-11T20:39:41.716096Z,46586.38,0.10342275,46586.39,4.26653744
1072,2021-08-11T20:39:41.732389Z,46586.38,0.10342275,46586.39,6.08653744
1073,2021-08-11T20:39:41.740677Z,46586.38,0.10342275,46586.39,4.26653744
1074,2021-08-11T20:39:41.785028Z,46586.38,0.10342275,46586.39,3.26653744
1075,2021-08-11T20:39:41.816305Z,46586.38,0.10342275,46586.39,0.94922308
1076,2021-08-11T20:39:41.829228Z,46586.38,0.10342275,46586.39,0.93608021
1077,2021-08-11T20:39:41.829228Z,46586.38,0.10342275,46586.39,0.90239208
1078,2021-08-11T20:39:41.829246Z,46586.38,0.10342275,46586.39,0.86519276
1079,2021-08-11T20:39:41.890714Z,46586.38,0.10342275,46586.39,3.67153674
1080,2021-08-11T20:39:41.894366Z,46586.38,0.10342275,46586.39,4.67153674
1081,2021-08-11T20:39:41.901173Z,46586.38,0.10342275,46586.39,4.66785154
1082,2021-08-11T20:39:41.902597Z,46586.38,0.10342275,46586.39,5.66785154
1083,2021-08-11T20:39:41.919140Z,46586.38,0.10342275,46586.39,5.70137723
1084,2021-08-11T20:39:41.955025Z,46586.38,0.10342275,46586.39,5.75137723
1085,2021-08-11T20:39:41.958720Z,46586.38,0.10342275,46586.39,5.85137723
1086,2021-08-11T20:39:42.024405Z,46586.38,0.10342275,46586.39,5.85053257
1087,2021-08-11T20:39:42.024405Z,46586.38,0.10342275,46586.39,5.83509911
1088,2021-08-11T20:39:42.082157Z,46586.38,0.10342275,46586.39,5.83858558
1089,2021-08-11T20:39:42.099133Z,46586.38,0.09262718,46586.39,5.83858558
1090,2021-08-11T20:39:42.112977Z,46586.38,0.09262718,46586.39,7.65858558
1091,2021-08-11T20:39:42.126066Z,46586.38,0.09262718,46586.39,7.28151904
1092,2021-08-11T20:39:42.138319Z,46586.38,0.09262718,46586.39,7.31871836
1093,2021-08-11T20:39:42.392328Z,46586.38,0.09262718,46586.39,6.31871836
1094,2021-08-11T20:39:42.395876Z,46586.38,0.09262718,46586.39,6.33877005
1095,2021-08-11T20:39:42.433203Z,46586.38,0.09262718,46586.39,5.33877005
1096,2021-08-11T20:39:42.474678Z,46586.38,0.09262718,46586.39,6.33877005
1097,2021-08-11T20:39:42.551610Z,46586.38,0.09262718,46586.39,7.33877005
1098,2021-08-11T20:39:42.595668Z,46586.38,0.09262718,46586.39,6.33877005
1099,2021-08-11T20:39:42.617103Z,46586.38,0.09262718,46586.39,7.33877005
1100,2021-08-11T20:39:42.719670Z,46586.38,0.09262718,46586.39,6.33877005
1101,2021-08-11T20:39:42.760012Z,46586.38,0.09262718,46586.39,7.33877005
1102,2021-08-11T20:39:42.818549Z,46586.38,0.09262718,46586.39,6.33877005
1103,2021-08-11T20:39:42.874820Z,46586.38,0.09262718,46586.39,7.33877005
1104,2021-08-11T20:39:42.890179Z,46586.38,0.09262718,46586.39,6.33877005
1105,2021-08-11T20:39:42.907941Z,46586.38,0.09262718,46586.39,7.33877005
1106,2021-08-11T20:39:42.915262Z,46586.38,0.09262718,46586.39,6.33877005
1107,2021-08-11T20:39:42.980224Z,46586.38,0.09262718,46586.39,5.33877005
1108,2021-08-11T20:39:43.026153Z,46586.38,0.09262718,46586.39,5.38602994
1109,2021-08-11T20:39:43.160071Z,46586.38,0.09262718,46586.39,6.38602994
1110,2021-08-11T20:39:43.275218Z,46586.38,0.09262718,46586.39,7.38602994
1111,2021-08-11T20:39:43.283892Z,46586.38,0.09262718,46586.39,7.42282994
1112,2021-08-11T20:39:43.318773Z,46586.38,0.09262718,46586.39,6.42282994
1113,2021-08-11T20:39:43.323314Z,46586.38,0.09262718,46586.39,6.42218491
1114,2021-08-11T20:39:43.363053Z,46586.38,0.09262718,46586.39,6.5194543
1115,2021-08-11T20:39:43.386720Z,46586.38,0.09262718,46586.39,7.5194543
1116,2021-08-11T20:39:43.527120Z,46586.38,0.08419199,46586.39,7.5194543
1117,2021-08-11T20:39:44.389009Z,46578.92,0.1577,46586.39,7.5194543
1118,2021-08-11T20:39:44.395802Z,46578.92,0.1577,46586.39,7.47418047
1119,2021-08-11T20:39:44.397293Z,46578.09,0.1577,46586.39,7.47418047
1120,2021-08-11T20:39:44.397293Z,46577.28,0.1577,46586.39,7.47418047
1121,2021-08-11T20:39:44.397293Z,46576.94,0.00053414,46586.39,7.47418047
1122,2021-08-11T20:39:44.398498Z,46576.94,0.00053414,46586.39,7.43058047
1123,2021-08-11T20:39:44.398795Z,46576.94,0.00053414,46586.39,7.14058047
1124,2021-08-11T20:39:44.549370Z,46579.74,0.1,46579.75,0.999498
1125,2021-08-11T20:39:44.624633Z,46579.74,0.14815585,46579.75,0.999498
1126,2021-08-11T20:39:44.635692Z,46579.74,0.14815585,46579.75,3.44753908
1127,2021-08-11T20:39:44.686255Z,46579.74,0.14815585,46579.75,3.46466764
1128,2021-08-11T20:39:44.803268Z,46579.74,0.14815585,46579.75,3.50186696
1129,2021-08-11T20:39:44.806007Z,46579.74,0.14815585,46579.75,2.50236896
1130,2021-08-11T20:39:44.935177Z,46579.74,0.14815585,46579.75,2.50585543
1131,2021-08-11T20:39:44.992291Z,46579.74,0.14815585,46579.75,3.50585543
1132,2021-08-11T20:39:45.045377Z,46579.74,0.14815585,46579.75,3.55585543
1133,2021-08-11T20:39:45.152076Z,46579.74,0.1,46579.75,3.55585543
1134,2021-08-11T20:39:45.215986Z,46579.74,0.1,46579.75,2.55585543
1135,2021-08-11T20:39:45.376907Z,46579.74,0.11466,46579.75,2.55585543
1136,2021-08-11T20:39:45.561539Z,46579.74,0.11466,46579.75,0.10781435
1137,2021-08-11T20:39:45.717671Z,46579.74,0.11466,46579.75,0.07061503
1138,2021-08-11T20:39:46.749530Z,46579.74,0.1,46579.75,0.07061503
1139,2021-08-11T20:39:46.767510Z,46579.74,0.1,46579.75,1.07061503
1140,2021-08-11T20:39:46.784257Z,46579.74,0.1,46579.75,1.11588016
1141,2021-08-11T20:39:46.802081Z,46579.74,0.1,46579.75,1.15307948
1142,2021-08-11T20:39:46.806079Z,46579.74,0.1,46579.75,3.29486966
1143,2021-08-11T20:39:46.886372Z,46579.74,0.1,46579.75,3.3413957
1144,2021-08-11T20:39:46.890781Z,46579.74,0.1,46579.75,4.3413957
1145,2021-08-11T20:39:46.940315Z,46579.74,0.1,46579.75,3.3413957
1146,2021-08-11T20:39:47.018206Z,46579.74,0.1,46579.75,4.3413957
1147,2021-08-11T20:39:47.029347Z,46579.74,0.1,46579.75,3.3413957
1148,2021-08-11T20:39:47.067338Z,46579.74,0.1,46579.75,4.3413957
1149,2021-08-11T20:39:47.071281Z,46579.74,0.1,46579.75,4.32426714
1150,2021-08-11T20:39:47.071281Z,46579.74,0.1,46579.75,4.32085653
1151,2021-08-11T20:39:47.090918Z,46579.74,0.1,46579.75,4.32078067
1152,2021-08-11T20:39:47.263754Z,46579.74,0.1,46579.75,4.32094763
1153,2021-08-11T20:39:47.296959Z,46579.74,0.1,46579.75,4.36454763
1154,2021-08-11T20:39:47.452468Z,46579.74,0.11466,46579.75,4.36454763
1155,2021-08-11T20:39:47.463176Z,46579.74,0.11466,46579.75,3.36454763
1156,2021-08-11T20:39:47.472867Z,46579.74,0.11466,46579.75,3.37980276
1157,2021-08-11T20:39:47.521891Z,46579.74,0.1,46579.75,3.37980276
1158,2021-08-11T20:39:47.523390Z,46579.74,0.1,46579.75,2.37980276
1159,2021-08-11T20:39:47.566294Z,46579.74,0.1,46579.75,0.23801258
1160,2021-08-11T20:39:47.572848Z,46579.74,0.1,46579.75,0.19274745
1161,2021-08-11T20:39:47.578159Z,46579.74,0.11466,46579.75,0.19274745
1162,2021-08-11T20:39:47.750666Z,46579.74,0.11466,46579.75,0.15554813
1163,2021-08-11T20:39:47.783129Z,46579.74,0.11466,46579.75,0.15618586
1164,2021-08-11T20:39:47.911913Z,46579.74,0.1,46579.75,0.15618586
1165,2021-08-11T20:39:47.918049Z,46579.74,0.1,46579.75,0.19338518
1166,2021-08-11T20:39:48.033232Z,46579.74,0.11466,46579.75,0.19338518
1167,2021-08-11T20:39:48.075982Z,46579.74,0.11466,46579.75,0.14338518
1168,2021-08-11T20:39:48.219682Z,46579.74,0.11466,46579.75,0.10618586
1169,2021-08-11T20:39:48.292235Z,46579.74,0.11466,46579.75,0.05965982
1170,2021-08-11T20:39:48.380387Z,46579.74,0.11466,46579.75,0.09685914
1171,2021-08-11T20:39:48.403958Z,46579.74,0.11466,46579.75,0.09669218
1172,2021-08-11T20:39:48.403958Z,46579.74,0.11466,46579.75,0.07631997
1173,2021-08-11T20:39:48.514961Z,46579.74,0.11466,46579.75,0.05309218
1174,2021-08-11T20:39:48.533627Z,46579.74,0.11466,46579.75,0.01589286
1175,2021-08-11T20:39:48.546215Z,46579.74,0.31466,46579.75,0.01589286
1176,2021-08-11T20:39:48.567773Z,46579.74,0.35943171,46579.75,0.01589286
1177,2021-08-11T20:39:48.571402Z,46579.74,1.35943171,46579.75,0.01589286
1178,2021-08-11T20:39:48.575741Z,46579.74,0.35943171,46579.75,0.01589286
1179,2021-08-11T20:39:48.577405Z,46579.74,2.4766765,46579.75,0.01589286
1180,2021-08-11T20:39:48.595990Z,46579.74,3.4766765,46579.75,0.01589286
1181,2021-08-11T20:39:48.607076Z,46579.74,2.4766765,46579.75,0.01589286
1182,2021-08-11T20:39:48.651799Z,46579.74,3.4766765,46579.75,0.01589286
1183,2021-08-11T20:39:48.749826Z,46579.74,2.4766765,46579.75,0.01589286
1184,2021-08-11T20:39:48.787277Z,46579.74,3.4766765,46579.75,0.01589286
1185,2021-08-11T20:39:48.809231Z,46579.74,2.4766765,46579.75,0.01589286
1186,2021-08-11T20:39:49.076206Z,46579.74,3.4766765,46579.75,0.01589286
1187,2021-08-11T20:39:49.088085Z,46579.74,2.4766765,46579.75,0.01589286
1188,2021-08-11T20:39:49.665118Z,46579.74,2.7666765,46579.75,0.01589286
1189,2021-08-11T20:39:49.685387Z,46579.74,3.7666765,46579.75,0.01589286
1190,2021-08-11T20:39:49.853025Z,46579.74,3.9896765,46579.75,0.01589286
1191,2021-08-11T20:39:50.013316Z,46579.74,3.9957765,46579.75,0.01589286
1192,2021-08-11T20:39:50.074717Z,46579.74,3.7727765,46579.75,0.01589286
1193,2021-08-11T20:39:50.111138Z,46579.74,3.9957765,46579.75,0.01589286
1194,2021-08-11T20:39:50.115719Z,46579.74,3.7727765,46579.75,0.01589286
1195,2021-08-11T20:39:50.143318Z,46579.74,3.9957765,46579.75,0.01589286
1196,2021-08-11T20:39:50.149072Z,46579.74,3.7727765,46579.75,0.01589286
1197,2021-08-11T20:39:50.383420Z,46579.74,3.77038967,46579.75,0.01589286
1198,2021-08-11T20:39:50.402793Z,46579.74,2.77038967,46579.75,0.01589286
1199,2021-08-11T20:39:50.527609Z,46579.74,3.77038967,46579.75,0.01589286
1200,2021-08-11T20:39:50.586872Z,46579.74,3.99338967,46579.75,0.01589286
1201,2021-08-11T20:39:50.616247Z,46579.74,3.77038967,46579.75,0.01589286
1202,2021-08-11T20:39:50.760771Z,46579.74,3.99338967,46579.75,0.01589286
1203,2021-08-11T20:39:50.822812Z,46579.74,3.77038967,46579.75,0.01589286
1204,2021-08-11T20:39:51.180754Z,46579.74,5.59038967,46579.75,0.01589286
1205,2021-08-11T20:39:51.413824Z,46579.74,5.81338967,46579.75,0.01589286
1206,2021-08-11T20:39:51.523276Z,46579.74,5.8282012,46579.75,0.01589286
1207,2021-08-11T20:39:51.539784Z,46579.74,5.6052012,46579.75,0.01589286
1208,2021-08-11T20:39:51.567842Z,46579.74,5.6052012,46579.75,0.00063773
1209,2021-08-11T20:39:51.567842Z,46579.74,5.6052012,46582.06,0.0001
1210,2021-08-11T20:39:51.567842Z,46579.74,5.6052012,46586.36,0.63124861
1211,2021-08-11T20:39:51.567842Z,46579.74,5.6052012,46586.36,0.33165673
1212,2021-08-11T20:39:51.576064Z,46579.74,5.56042949,46586.36,0.33165673
1213,2021-08-11T20:39:51.577334Z,46579.74,5.27042949,46586.36,0.33165673
1214,2021-08-11T20:39:51.580579Z,46579.74,5.49342949,46586.36,0.33165673
1215,2021-08-11T20:39:51.581235Z,46582.05,0.463,46586.36,0.33165673
1216,2021-08-11T20:39:51.581444Z,46582.05,0.563,46586.36,0.33165673
1217,2021-08-11T20:39:51.584347Z,46582.05,0.8864,46586.36,0.33165673
1218,2021-08-11T20:39:51.596121Z,46586.35,0.263,46586.39,0.11886939
1219,2021-08-11T20:39:51.604865Z,46586.35,0.363,46586.39,0.11886939
1220,2021-08-11T20:39:51.616792Z,46586.38,0.21466,46586.39,0.11886939
1221,2021-08-11T20:39:51.616897Z,46586.38,0.31466,46586.39,0.11886939
1222,2021-08-11T20:39:51.620852Z,46586.38,1.79466,46586.39,0.11886939
1223,2021-08-11T20:39:51.620940Z,46586.38,1.96884936,46586.39,0.11886939
1224,2021-08-11T20:39:51.621016Z,46586.38,2.29224936,46586.39,0.11886939
1225,2021-08-11T20:39:51.627434Z,46586.38,0.81224936,46586.39,0.11886939
1226,2021-08-11T20:39:51.632869Z,46586.38,0.85614568,46586.39,0.11886939
1227,2021-08-11T20:39:51.648579Z,46586.38,1.85614568,46586.39,0.11886939
1228,2021-08-11T20:39:51.672473Z,46586.38,0.85614568,46586.39,0.11886939
1229,2021-08-11T20:39:51.803758Z,46586.38,0.93114306,46586.39,0.11886939
1230,2021-08-11T20:39:51.843596Z,46586.38,0.93114306,46586.39,0.11876239
1231,2021-08-11T20:39:51.871439Z,46586.38,0.92920737,46586.39,0.11876239
1232,2021-08-11T20:39:51.902755Z,46586.38,0.92920737,46586.39,0.16876239
1233,2021-08-11T20:39:51.965464Z,46586.38,0.92820737,46586.39,0.16876239
1234,2021-08-11T20:39:52.079522Z,46586.38,0.92788905,46586.39,0.16876239
1235,2021-08-11T20:39:52.577568Z,46586.38,0.75369969,46586.39,0.16876239
1236,2021-08-11T20:39:52.953643Z,46586.38,0.75369969,46586.39,0.1690392
1237,2021-08-11T20:39:52.965443Z,46586.38,0.75369969,46586.39,0.1190392
1238,2021-08-11T20:39:53.430417Z,46586.38,0.745993,46586.39,0.1190392
1239,2021-08-11T20:39:53.606021Z,46586.38,1.745993,46586.39,0.1190392
1240,2021-08-11T20:39:53.704487Z,46586.38,0.745993,46586.39,0.1190392
1241,2021-08-11T20:39:53.747770Z,46586.38,1.745993,46586.39,0.1190392
1242,2021-08-11T20:39:53.892593Z,46586.38,1.745993,46586.39,0.11801362
1243,2021-08-11T20:39:53.985322Z,46586.38,0.745993,46586.39,0.11801362
1244,2021-08-11T20:39:54.376168Z,46586.38,0.745993,46586.39,0.11784297
1245,2021-08-11T20:39:54.422271Z,46586.38,0.545993,46586.39,0.11784297
1246,2021-08-11T20:39:54.449329Z,46586.38,0.545993,46586.39,1.11784297
1247,2021-08-11T20:39:54.480154Z,46586.38,0.50209668,46586.39,1.11784297
1248,2021-08-11T20:39:54.486257Z,46586.38,0.4270993,46586.39,1.11784297
1249,2021-08-11T20:39:54.492114Z,46586.38,0.1036993,46586.39,1.11784297
1250,2021-08-11T20:39:54.493157Z,46586.38,0.1036993,46586.39,1.16415616
1251,2021-08-11T20:39:54.498658Z,46586.38,0.1,46586.39,1.16415616
1252,2021-08-11T20:39:54.565433Z,46586.38,0.11466,46586.39,1.16415616
1253,2021-08-11T20:39:54.569376Z,46586.38,0.11466,46586.39,1.21415616
1254,2021-08-11T20:39:54.623403Z,46586.38,0.11466,46586.39,0.21415616
1255,2021-08-11T20:39:54.630411Z,46586.38,0.11466,46586.39,0.16784297
1256,2021-08-11T20:39:54.761487Z,46586.38,0.11466,46586.39,0.16765053
1257,2021-08-11T20:39:54.940103Z,46586.38,0.11466,46586.39,0.1475462
1258,2021-08-11T20:39:54.940103Z,46586.38,0.11466,46586.39,0.14660237
1259,2021-08-11T20:39:55.061694Z,46586.38,0.11466,46586.39,1.14660237
1260,2021-08-11T20:39:55.066250Z,46586.38,0.11466,46586.39,3.26601984
1261,2021-08-11T20:39:55.074204Z,46586.38,0.11466,46586.39,3.31143511
1262,2021-08-11T20:39:55.078417Z,46586.38,0.11466,46586.39,4.31143511
1263,2021-08-11T20:39:55.101747Z,46586.38,0.1,46586.39,4.31143511
1264,2021-08-11T20:39:55.102231Z,46586.38,0.1,46586.39,4.31062315
1265,2021-08-11T20:39:55.124277Z,46586.38,0.1,46586.39,4.35422315
1266,2021-08-11T20:39:55.136789Z,46586.38,0.1,46586.39,6.17422315
1267,2021-08-11T20:39:55.204004Z,46586.38,0.1,46586.39,6.2141557
1268,2021-08-11T20:39:55.211864Z,46586.38,0.1,46586.39,6.5041557
1269,2021-08-11T20:39:55.387023Z,46586.38,0.1,46586.39,6.56113116
1270,2021-08-11T20:39:55.387725Z,46586.38,0.1,46586.39,6.57443116
1271,2021-08-11T20:39:55.939051Z,46586.38,0.01965605,46586.39,6.57443116
1272,2021-08-11T20:39:55.959775Z,46586.38,0.01965605,46586.39,6.6092681
1273,2021-08-11T20:39:55.968159Z,46586.38,0.01965605,46586.39,6.7092681
1274,2021-08-11T20:39:55.983126Z,46586.38,0.01965605,46586.39,6.71500797
1275,2021-08-11T20:39:56.174703Z,46586.38,0.01965605,46586.39,6.76500797
1276,2021-08-11T20:39:56.305998Z,46586.36,0.0001,46586.39,6.76500797
1277,2021-08-11T20:39:56.316899Z,46586.36,0.0001,46586.38,0.06365848
1278,2021-08-11T20:39:56.318029Z,46586.36,0.0001,46586.37,0.40808868
1279,2021-08-11T20:39:56.327064Z,46586.36,0.0001,46586.37,0.73148868
1280,2021-08-11T20:39:56.327166Z,46585.49,0.0061,46586.37,0.73148868
1281,2021-08-11T20:39:56.327253Z,46585.49,0.0061,46586.37,1.02148868
1282,2021-08-11T20:39:56.336143Z,46585.49,0.0061,46586.37,0.73148868
1283,2021-08-11T20:39:56.337061Z,46585.49,0.0061,46586.37,0.77554716
1284,2021-08-11T20:39:56.337137Z,46585.49,0.0061,46586.37,1.03854716
1285,2021-08-11T20:39:56.341068Z,46577.45,0.1578,46585.5,0.29
1286,2021-08-11T20:39:56.341068Z,46577.45,0.11332692,46585.5,0.29
1287,2021-08-11T20:39:56.346988Z,46576.94,0.00053414,46585.5,0.29
1288,2021-08-11T20:39:56.348730Z,46576.94,0.00053414,46585.5,0.30382292
1289,2021-08-11T20:39:56.368411Z,46576.94,0.00053414,46576.95,1.0623
1290,2021-08-11T20:39:56.370748Z,46576.94,0.00053414,46576.95,2.8823
1291,2021-08-11T20:39:56.374932Z,46576.94,0.00053414,46576.95,2.92635848
1292,2021-08-11T20:39:56.394967Z,46576.94,0.00053414,46576.95,3.92635848
1293,2021-08-11T20:39:56.399356Z,46576.94,0.00053414,46576.95,4.02187208
1294,2021-08-11T20:39:56.437244Z,46576.94,0.00053414,46576.95,5.02187208
1295,2021-08-11T20:39:56.465497Z,46576.94,0.00053414,46576.95,7.70492467
1296,2021-08-11T20:39:56.478729Z,46576.94,0.00053414,46576.95,6.70492467
1297,2021-08-11T20:39:56.499429Z,46576.94,0.00053414,46576.95,7.70492467
1298,2021-08-11T20:39:56.644915Z,46576.94,0.00053414,46576.95,7.70446518
1299,2021-08-11T20:39:56.649865Z,46576.94,0.00053414,46576.95,7.16862467
1300,2021-08-11T20:39:56.780224Z,46576.94,0.00053414,46576.95,7.21222467
1301,2021-08-11T20:39:56.803212Z,46576.94,0.00053414,46576.95,7.22425517
1302,2021-08-11T20:39:56.811927Z,46576.94,0.00053414,46576.95,7.26220351
1303,2021-08-11T20:39:56.847065Z,46576.94,0.00053414,46576.95,7.55220351
1304,2021-08-11T20:39:56.974072Z,46576.94,0.00053414,46576.95,7.59213606
1305,2021-08-11T20:39:57.162775Z,46576.94,0.00053414,46576.95,7.64813384
